00100000         221545238000172003059740001417019  0000510000002827271 FUNDO DE DESENVOLVIMENTO DE CABANCO DO BRASIL S.A.                    110032023173500004000000000                                                                     
00100111R01  000 221545238000172003059740001417019TS0000510000002827271 FUNDO DE DESENVOLVIMENTO DE CA                                                                                000000401003202300000000                                 
0010001300002Q 011000056645654654JANDIRA FERREIRA ALVES                  RUA ABC, 10 -                           CENTRO         27100000RIO DAS OSTRASRJ0000000000000000                                        000
0010001300003R 01000000000000000000000000000000000000000000000000224052023000000000000200          FUNDECAM - FUNDO DE DESENV. DE CAMPOS   0000000000000000000000000000000000000000                    00000000000000000000000000000000         
0010001300004P 010000510000002827271 30597400000019956   111110000000000000002306202300000000004300000000 02N2302202310000000000000000000000000000000000000000000000000000000000000000000000000000000000000000000000000000003000000000000000000 
0010001300005Q 011000056645654654JANDIRA FERREIRA ALVES                  RUA ABC, 10 -                           CENTRO         27100000RIO DAS OSTRASRJ0000000000000000                                        000                            
0010001300006R 01000000000000000000000000000000000000000000000000223062023000000000000200          FUNDECAM - FUNDO DE DESENV. DE CAMPOS   0000000000000000000000000000000000000000                    00000000000000000000000000000000         
0010001300007P 010000510000002827271 30597400000019957   111110000000000000002307202300000000004300000000 02N2302202310000000000000000000000000000000000000000000000000000000000000000000000000000000000000000000000000000003000000000000000000 
0010001300008Q 011000056645654654JANDIRA FERREIRA ALVES                  RUA ABC, 10 -                           CENTRO         27100000RIO DAS OSTRASRJ0000000000000000                                        000                            
0010001300009R 01000000000000000000000000000000000000000000000000223072023000000000000200          FUNDECAM - FUNDO DE DESENV. DE CAMPOS   0000000000000000000000000000000000000000                    00000000000000000000000000000000         
0010001300010P 010000510000002827271 30597400000019958   111110000000000000002208202300000000004300000000 02N2302202310000000000000000000000000000000000000000000000000000000000000000000000000000000000000000000000000000003000000000000000000 
0010001300011Q 011000056645654654JANDIRA FERREIRA ALVES                  RUA ABC, 10 -                           CENTRO         27100000RIO DAS OSTRASRJ0000000000000000                                        000                            
0010001300012R 01000000000000000000000000000000000000000000000000222082023000000000000200          FUNDECAM - FUNDO DE DESENV. DE CAMPOS   0000000000000000000000000000000000000000                    00000000000000000000000000000000         
0010001300013P 010000510000002827271 30597400000019959   111110000000000000002109202300000000004300000000 02N2302202310000000000000000000000000000000000000000000000000000000000000000000000000000000000000000000000000000003000000000000000000 
0010001300014Q 011000056645654654JANDIRA FERREIRA ALVES                  RUA ABC, 10 -                           CENTRO         27100000RIO DAS OSTRASRJ0000000000000000                                        000                            
0010001300015R 01000000000000000000000000000000000000000000000000221092023000000000000200          FUNDECAM - FUNDO DE DESENV. DE CAMPOS   0000000000000000000000000000000000000000                    00000000000000000000000000000000         
0010001300016P 010000510000002827271 30597400000019960   111110000000000000002110202300000000004300000000 02N2302202310000000000000000000000000000000000000000000000000000000000000000000000000000000000000000000000000000003000000000000000000 
0010001300017Q 011000056645654654JANDIRA FERREIRA ALVES                  RUA ABC, 10 -                           CENTRO         27100000RIO DAS OSTRASRJ0000000000000000                                        000                            
0010001300018R 01000000000000000000000000000000000000000000000000221102023000000000000200          FUNDECAM - FUNDO DE DESENV. DE CAMPOS   0000000000000000000000000000000000000000                    00000000000000000000000000000000         
0010001300019P 010000510000002827271 30597400000019961   111110000000000000002011202300000000004300000000 02N2302202310000000000000000000000000000000000000000000000000000000000000000000000000000000000000000000000000000003000000000000000000 
0010001300020Q 011000056645654654JANDIRA FERREIRA ALVES                  RUA ABC, 10 -                           CENTRO         27100000RIO DAS OSTRASRJ0000000000000000                                        000                            
0010001300021R 01000000000000000000000000000000000000000000000000220112023000000000000200          FUNDECAM - FUNDO DE DESENV. DE CAMPOS   0000000000000000000000000000000000000000                    00000000000000000000000000000000         
0010001300022P 010000510000002827271 30597400000019962   111110000000000000002012202300000000004300000000 02N2302202310000000000000000000000000000000000000000000000000000000000000000000000000000000000000000000000000000003000000000000000000 
0010001300023Q 011000056645654654JANDIRA FERREIRA ALVES                  RUA ABC, 10 -                           CENTRO         27100000RIO DAS OSTRASRJ0000000000000000                                        000                            
0010001300024R 01000000000000000000000000000000000000000000000000220122023000000000000200          FUNDECAM - FUNDO DE DESENV. DE CAMPOS   0000000000000000000000000000000000000000                    00000000000000000000000000000000         
0010001300025P 010000510000002827271 30597400000019963   111110000000000000001901202400000000004300000000 02N2302202310000000000000000000000000000000000000000000000000000000000000000000000000000000000000000000000000000003000000000000000000 
0010001300026Q 011000056645654654JANDIRA FERREIRA ALVES                  RUA ABC, 10 -                           CENTRO         27100000RIO DAS OSTRASRJ0000000000000000                                        000                            
0010001300027R 01000000000000000000000000000000000000000000000000219012024000000000000200          FUNDECAM - FUNDO DE DESENV. DE CAMPOS   0000000000000000000000000000000000000000                    00000000000000000000000000000000         
0010001300028P 010000510000002827271 30597400000019964   111110000000000000001802202400000000004300000000 02N2302202310000000000000000000000000000000000000000000000000000000000000000000000000000000000000000000000000000003000000000000000000 
0010001300029Q 011000056645654654JANDIRA FERREIRA ALVES                  RUA ABC, 10 -                           CENTRO         27100000RIO DAS OSTRASRJ0000000000000000                                        000                            
0010001300030R 01000000000000000000000000000000000000000000000000218022024000000000000200          FUNDECAM - FUNDO DE DESENV. DE CAMPOS   0000000000000000000000000000000000000000                    00000000000000000000000000000000         
0010001300031P 010000510000002827271 30597400000019965   111110000000000000001903202400000000004300000000 02N2302202310000000000000000000000000000000000000000000000000000000000000000000000000000000000000000000000000000003000000000000000000 
0010001300032Q 011000056645654654JANDIRA FERREIRA ALVES                  RUA ABC, 10 -                           CENTRO         27100000RIO DAS OSTRASRJ0000000000000000                                        000                            
0010001300033R 01000000000000000000000000000000000000000000000000219032024000000000000200          FUNDECAM - FUNDO DE DESENV. DE CAMPOS   0000000000000000000000000000000000000000                    00000000000000000000000000000000         
0010001300034P 010000510000002827271 30597400000019966   111110000000000000001804202400000000004300000000 02N2302202310000000000000000000000000000000000000000000000000000000000000000000000000000000000000000000000000000003000000000000000000 
0010001300035Q 011000056645654654JANDIRA FERREIRA ALVES                  RUA ABC, 10 -                           CENTRO         27100000RIO DAS OSTRASRJ0000000000000000                                        000                            
0010001300036R 01000000000000000000000000000000000000000000000000218042024000000000000200          FUNDECAM - FUNDO DE DESENV. DE CAMPOS   0000000000000000000000000000000000000000                    00000000000000000000000000000000         
0010001300037P 010000510000002827271 30597400000019967   111110000000000000001805202400000000004300000000 02N2302202310000000000000000000000000000000000000000000000000000000000000000000000000000000000000000000000000000003000000000000000000 
0010001300038Q 011000056645654654JANDIRA FERREIRA ALVES                  RUA ABC, 10 -                           CENTRO         27100000RIO DAS OSTRASRJ0000000000000000                                        000                            
0010001300039R 01000000000000000000000000000000000000000000000000218052024000000000000200          FUNDECAM - FUNDO DE DESENV. DE CAMPOS   0000000000000000000000000000000000000000                    00000000000000000000000000000000         
0010001300040P 010000510000002827271 30597400000019968   111110000000000000001706202400000000004300000000 02N2302202310000000000000000000000000000000000000000000000000000000000000000000000000000000000000000000000000000003000000000000000000 
0010001300041Q 011000056645654654JANDIRA FERREIRA ALVES                  RUA ABC, 10 -                           CENTRO         27100000RIO DAS OSTRASRJ0000000000000000                                        000                            
0010001300042R 01000000000000000000000000000000000000000000000000217062024000000000000200          FUNDECAM - FUNDO DE DESENV. DE CAMPOS   0000000000000000000000000000000000000000                    00000000000000000000000000000000         
0010001300043P 010000510000002827271 30597400000019969   111110000000000000001707202400000000004300000000 02N2302202310000000000000000000000000000000000000000000000000000000000000000000000000000000000000000000000000000003000000000000000000 
0010001300044Q 011000056645654654JANDIRA FERREIRA ALVES                  RUA ABC, 10 -                           CENTRO         27100000RIO DAS OSTRASRJ0000000000000000                                        000                            
0010001300045R 01000000000000000000000000000000000000000000000000217072024000000000000200          FUNDECAM - FUNDO DE DESENV. DE CAMPOS   0000000000000000000000000000000000000000                    00000000000000000000000000000000         
0010001300046P 010000510000002827271 30597400000019970   111110000000000000001608202400000000004300000000 02N2302202310000000000000000000000000000000000000000000000000000000000000000000000000000000000000000000000000000003000000000000000000 
0010001300047Q 011000056645654654JANDIRA FERREIRA ALVES                  RUA ABC, 10 -                           CENTRO         27100000RIO DAS OSTRASRJ0000000000000000                                        000                            
0010001300048R 01000000000000000000000000000000000000000000000000216082024000000000000200          FUNDECAM - FUNDO DE DESENV. DE CAMPOS   0000000000000000000000000000000000000000                    00000000000000000000000000000000         
0010001300049P 010000510000002827271 30597400000019971   111110000000000000001509202400000000004300000000 02N2302202310000000000000000000000000000000000000000000000000000000000000000000000000000000000000000000000000000003000000000000000000 
0010001300050Q 011000056645654654JANDIRA FERREIRA ALVES                  RUA ABC, 10 -                           CENTRO         27100000RIO DAS OSTRASRJ0000000000000000                                        000                            
0010001300051R 01000000000000000000000000000000000000000000000000215092024000000000000200          FUNDECAM - FUNDO DE DESENV. DE CAMPOS   0000000000000000000000000000000000000000                    00000000000000000000000000000000         
0010001300052P 010000510000002827271 30597400000019972   111110000000000000001510202400000000004300000000 02N2302202310000000000000000000000000000000000000000000000000000000000000000000000000000000000000000000000000000003000000000000000000 
0010001300053Q 011000056645654654JANDIRA FERREIRA ALVES                  RUA ABC, 10 -                           CENTRO         27100000RIO DAS OSTRASRJ0000000000000000                                        000                            
0010001300054R 01000000000000000000000000000000000000000000000000215102024000000000000200          FUNDECAM - FUNDO DE DESENV. DE CAMPOS   0000000000000000000000000000000000000000                    00000000000000000000000000000000         
0010001300055P 010000510000002827271 30597400000019973   111110000000000000001411202400000000004300000000 02N2302202310000000000000000000000000000000000000000000000000000000000000000000000000000000000000000000000000000003000000000000000000 
0010001300056Q 011000056645654654JANDIRA FERREIRA ALVES                  RUA ABC, 10 -                           CENTRO         27100000RIO DAS OSTRASRJ0000000000000000                                        000                            
0010001300057R 01000000000000000000000000000000000000000000000000214112024000000000000200          FUNDECAM - FUNDO DE DESENV. DE CAMPOS   0000000000000000000000000000000000000000                    00000000000000000000000000000000         
0010001300058P 010000510000002827271 30597400000019974   111110000000000000001412202400000000004300000000 02N2302202310000000000000000000000000000000000000000000000000000000000000000000000000000000000000000000000000000003000000000000000000 
0010001300059Q 011000056645654654JANDIRA FERREIRA ALVES                  RUA ABC, 10 -                           CENTRO         27100000RIO DAS OSTRASRJ0000000000000000                                        000                            
0010001300060R 01000000000000000000000000000000000000000000000000214122024000000000000200          FUNDECAM - FUNDO DE DESENV. DE CAMPOS   0000000000000000000000000000000000000000                    00000000000000000000000000000000         
0010001300061P 010000510000002827271 30597400000019975   111110000000000000001301202500000000004300000000 02N2302202310000000000000000000000000000000000000000000000000000000000000000000000000000000000000000000000000000003000000000000000000 
0010001300062Q 011000056645654654JANDIRA FERREIRA ALVES                  RUA ABC, 10 -                           CENTRO         27100000RIO DAS OSTRASRJ0000000000000000                                        000                            
0010001300063R 01000000000000000000000000000000000000000000000000213012025000000000000200          FUNDECAM - FUNDO DE DESENV. DE CAMPOS   0000000000000000000000000000000000000000                    00000000000000000000000000000000         
0010001300064P 010000510000002827271 30597400000019976   111110000000000000001202202500000000004300000000 02N2302202310000000000000000000000000000000000000000000000000000000000000000000000000000000000000000000000000000003000000000000000000 
0010001300065Q 011000056645654654JANDIRA FERREIRA ALVES                  RUA ABC, 10 -                           CENTRO         27100000RIO DAS OSTRASRJ0000000000000000                                        000                            
0010001300066R 01000000000000000000000000000000000000000000000000212022025000000000000200          FUNDECAM - FUNDO DE DESENV. DE CAMPOS   0000000000000000000000000000000000000000                    00000000000000000000000000000000         
0010001300067P 010000510000002827271 30597400000019977   111110000000000000001403202500000000004300000000 02N2302202310000000000000000000000000000000000000000000000000000000000000000000000000000000000000000000000000000003000000000000000000 
0010001300068Q 011000056645654654JANDIRA FERREIRA ALVES                  RUA ABC, 10 -                           CENTRO         27100000RIO DAS OSTRASRJ0000000000000000                                        000                            
0010001300069R 01000000000000000000000000000000000000000000000000214032025000000000000200          FUNDECAM - FUNDO DE DESENV. DE CAMPOS   0000000000000000000000000000000000000000                    00000000000000000000000000000000         
0010001300070P 010000510000002827271 30597400000019978   111110000000000000001304202500000000004300000000 02N2302202310000000000000000000000000000000000000000000000000000000000000000000000000000000000000000000000000000003000000000000000000 
0010001300071Q 011000056645654654JANDIRA FERREIRA ALVES                  RUA ABC, 10 -                           CENTRO         27100000RIO DAS OSTRASRJ0000000000000000                                        000                            
0010001300072R 01000000000000000000000000000000000000000000000000213042025000000000000200          FUNDECAM - FUNDO DE DESENV. DE CAMPOS   0000000000000000000000000000000000000000                    00000000000000000000000000000000         
0010001300073P 010000510000002827271 30597400000019979   111110000000000000001305202500000000004300000000 02N2302202310000000000000000000000000000000000000000000000000000000000000000000000000000000000000000000000000000003000000000000000000 
0010001300074Q 011000056645654654JANDIRA FERREIRA ALVES                  RUA ABC, 10 -                           CENTRO         27100000RIO DAS OSTRASRJ0000000000000000                                        000                            
0010001300075R 01000000000000000000000000000000000000000000000000213052025000000000000200          FUNDECAM - FUNDO DE DESENV. DE CAMPOS   0000000000000000000000000000000000000000                    00000000000000000000000000000000         
0010001300076P 010000510000002827271 30597400000019980   111110000000000000001206202500000000004300000000 02N2302202310000000000000000000000000000000000000000000000000000000000000000000000000000000000000000000000000000003000000000000000000 
0010001300077Q 011000056645654654JANDIRA FERREIRA ALVES                  RUA ABC, 10 -                           CENTRO         27100000RIO DAS OSTRASRJ0000000000000000                                        000                            
0010001300078R 01000000000000000000000000000000000000000000000000212062025000000000000200          FUNDECAM - FUNDO DE DESENV. DE CAMPOS   0000000000000000000000000000000000000000                    00000000000000000000000000000000         
0010001300079P 010000510000002827271 30597400000019981   111110000000000000001207202500000000004300000000 02N2302202310000000000000000000000000000000000000000000000000000000000000000000000000000000000000000000000000000003000000000000000000 
0010001300080Q 011000056645654654JANDIRA FERREIRA ALVES                  RUA ABC, 10 -                           CENTRO         27100000RIO DAS OSTRASRJ0000000000000000                                        000                            
0010001300081R 01000000000000000000000000000000000000000000000000212072025000000000000200          FUNDECAM - FUNDO DE DESENV. DE CAMPOS   0000000000000000000000000000000000000000                    00000000000000000000000000000000         
0010001300082P 010000510000002827271 30597400000019982   111110000000000000001108202500000000004300000000 02N2302202310000000000000000000000000000000000000000000000000000000000000000000000000000000000000000000000000000003000000000000000000 
0010001300083Q 011000056645654654JANDIRA FERREIRA ALVES                  RUA ABC, 10 -                           CENTRO         27100000RIO DAS OSTRASRJ0000000000000000                                        000                            
0010001300084R 01000000000000000000000000000000000000000000000000211082025000000000000200          FUNDECAM - FUNDO DE DESENV. DE CAMPOS   0000000000000000000000000000000000000000                    00000000000000000000000000000000         
0010001300085P 010000510000002827271 30597400000019983   111110000000000000001009202500000000004300000000 02N2302202310000000000000000000000000000000000000000000000000000000000000000000000000000000000000000000000000000003000000000000000000 
0010001300086Q 011000056645654654JANDIRA FERREIRA ALVES                  RUA ABC, 10 -                           CENTRO         27100000RIO DAS OSTRASRJ0000000000000000                                        000                            
0010001300087R 01000000000000000000000000000000000000000000000000210092025000000000000200          FUNDECAM - FUNDO DE DESENV. DE CAMPOS   0000000000000000000000000000000000000000                    00000000000000000000000000000000         
0010001300088P 010000510000002827271 30597400000019984   111110000000000000001010202500000000004300000000 02N2302202310000000000000000000000000000000000000000000000000000000000000000000000000000000000000000000000000000003000000000000000000 
0010001300089Q 011000056645654654JANDIRA FERREIRA ALVES                  RUA ABC, 10 -                           CENTRO         27100000RIO DAS OSTRASRJ0000000000000000                                        000                            
0010001300090R 01000000000000000000000000000000000000000000000000210102025000000000000200          FUNDECAM - FUNDO DE DESENV. DE CAMPOS   0000000000000000000000000000000000000000                    00000000000000000000000000000000         
0010001300091P 010000510000002827271 30597400000019985   111110000000000000000911202500000000004300000000 02N2302202310000000000000000000000000000000000000000000000000000000000000000000000000000000000000000000000000000003000000000000000000 
0010001300092Q 011000056645654654JANDIRA FERREIRA ALVES                  RUA ABC, 10 -                           CENTRO         27100000RIO DAS OSTRASRJ0000000000000000                                        000                            
0010001300093R 01000000000000000000000000000000000000000000000000209112025000000000000200          FUNDECAM - FUNDO DE DESENV. DE CAMPOS   0000000000000000000000000000000000000000                    00000000000000000000000000000000         
0010001300094P 010000510000002827271 30597400000019986   111110000000000000000912202500000000004300000000 02N2302202310000000000000000000000000000000000000000000000000000000000000000000000000000000000000000000000000000003000000000000000000 
0010001300095Q 011000056645654654JANDIRA FERREIRA ALVES                  RUA ABC, 10 -                           CENTRO         27100000RIO DAS OSTRASRJ0000000000000000                                        000                            
0010001300096R 01000000000000000000000000000000000000000000000000209122025000000000000200          FUNDECAM - FUNDO DE DESENV. DE CAMPOS   0000000000000000000000000000000000000000                    00000000000000000000000000000000         
0010001300097P 010000510000002827271 30597400000019987   111110000000000000000801202600000000004300000000 02N2302202310000000000000000000000000000000000000000000000000000000000000000000000000000000000000000000000000000003000000000000000000 
0010001300098Q 011000056645654654JANDIRA FERREIRA ALVES                  RUA ABC, 10 -                           CENTRO         27100000RIO DAS OSTRASRJ0000000000000000                                        000                            
0010001300099R 01000000000000000000000000000000000000000000000000208012026000000000000200          FUNDECAM - FUNDO DE DESENV. DE CAMPOS   0000000000000000000000000000000000000000                    00000000000000000000000000000000         
0010001300100P 010000510000002827271 30597400000019988   111110000000000000000702202600000000004300000000 02N2302202310000000000000000000000000000000000000000000000000000000000000000000000000000000000000000000000000000003000000000000000000 
0010001300101Q 011000056645654654JANDIRA FERREIRA ALVES                  RUA ABC, 10 -                           CENTRO         27100000RIO DAS OSTRASRJ0000000000000000                                        000                            
0010001300102R 01000000000000000000000000000000000000000000000000207022026000000000000200          FUNDECAM - FUNDO DE DESENV. DE CAMPOS   0000000000000000000000000000000000000000                    00000000000000000000000000000000         
00100015         0001040000000000000000000000000000000000000000000000000000000000000000000000000000000000000000000000000000000000000000000000000000000000000000000000000000000000000000000000000000000000000000000000000000000000000000000000000
00199999         000001000106000000                                                                                                                                                                                                             
