00100000         221545238000172                    0000510000002827271 FUNDO DE DESENVOLVIMENTO DE CABANCO DO BRASIL S.A.                    12110202217254600000008000000                                                                     
00100011R0100020 2021545238000172003059740001417019  0000510000002827271 FUNDO DE DESENVOLVIMENTO DE CA                                                                                00000312211020220000000000000000003059740        CBR30000
0010001300001P 010000510000002827271 30597400000019744   111110992020/REFIS  2410202200000000011286500000 02N211020220000000000000000000000000000000000000000000000000000000000000000000000000000000992020/REFIS            00020000900198471441
0010001300002Q 011000012123845710JOSE LUIZ DE ARAUJO RISCADO JUNIOR      RUA ALVARO GRAIN                        PQ. CORRIENT   28053130CAMPOS         RJ0000000000000000                                        00030597400000019744   12345678
0010001300003R 01000000000000000000000000000000000000000000000000000000000000000000000000                                                                                          000000000000000000000000000000000000 000000000000  0000000000
00100015         00000500000000000000000000000000000000000000000000000000000000000000000000000000000000000000000000                                                                                                                             
00199999         000001000007000000                                                                                                                                                                                                             
