00100000         221545238000172                    0000510000002827271 FUNDO DE DESENVOLVIMENTO DE CABANCO DO BRASIL S.A.                    12802202314175200003200000000                                                                   
00100011R0100020 2021545238000172003059740001417019TS0000510000002827271 FUNDO DE DESENVOLVIMENTO DE CA                                                                                000000322802202300000000                                 
0010001300001P 010000510000002827271 30597400000019918   1111100000000000000030032023000000000236.8500000 02N2802202300000000000000000000000000000000000000000000000000000000000000000000000000000000000000000000000000000000002000000000000000 
0010001300002Q 011000009549443728ALESSANDRA DE AZEVEDO DIAS LEITE        ,  -                                                   28100000CAMPOS DOS GOYTRJ0000000000000000                                        000                            
0010001300003R 01000000000000000000000000000000000000000000000000230032023000000000000200          FUNDECAM - FUNDO DE DESENV. DE CAMPOS   0000000000000000000000000000000000000000                    00000000000000000000000000000000         
00100015         0000050000000000000000000000000000000000000000000000000000000000000000000000000000000000000000000000000000000000000000000000000000000000000000000000000000000000000000000000000000000000000000000000000000000000000000000000000
00199999         000001000007000000                                                                                                                                                                                                             
