00100000         221545238000172003059740001417019  0000510000002827271 FUNDO DE DESENVOLVIMENTO DE CABANCO DO BRASIL S.A.                    12103202315143500036000000000                                                                     
00100011R01  000 2021545238000172003059740001417019  0000510000002827271 FUNDO DE DESENVOLVIMENTO DE CA                                                                                000003602103202300000000                                 
0010001300001P 010000510000002827271 30597400000019991   111110000000000000002004202300000000000010000000 02N2103202310000000000000000000000000000000000000000000000000000000000000000000000000000000000000000000000000000003000000000000000000 
0010001300002Q 011000003052499750EVANDRO DIAS                            RUA DURVAL DE SOUZA, 210 - CASA         ALPHAVILLE     28024430CAMPOS DOS GOYTRJ0000000000000000                                        000                            
0010001300003R 01000000000000000000000000000000000000000000000000220042023000000000000200          FUNDECAM - FUNDO DE DESENV. DE CAMPOS   0000000000000000000000000000000000000000                    00000000000000000000000000000000         
00100015         0000050000000000000000000000000000000000000000000000000000000000000000000000000000000000000000000000000000000000000000000000000000000000000000000000000000000000000000000000000000000000000000000000000000000000000000000000000
00199999         000001000007000000                                                                                                                                                                                                             
