00100000         221545238000172                    0000510000002827271 FUNDO DE DESENVOLVIMENTO DE CABANCO DO BRASIL S.A.                    10410202210284000000008000000                                                                     
00100011R0100020 2021545238000172003059740001417019  0000510000002827271 FUNDO DE DESENVOLVIMENTO DE CA                                                                                00000306041020220000000000000000003059740        CBR30000
0010001300001P 010000510000002827271 30597400000019370   111111032022/5/01   0510202200000000005921300000 02N041020220000000000000000000000000000000000000000000000000000000000000000000000000000001032022/5                00020000900198471441
0010001300002Q 011000011761702793GABRIELLA CARLOS DA SILVA               GOV THEOTONIO FERREIRA, 03              VILA NOVA      28165000CMPS GOYTACAZESRJ0000000000000000                                        00030597400000019370   12345678
0010001300003R 01000000000000000000000000000000000000000000000000000000000000000000000000                                                                                          000000000000000000000000000000000000 000000000000  0000000000
0010001300004P 010000510000002827271 30597400000019371   111111032022/5/02   0511202200000000005921300000 02N041020220000000000000000000000000000000000000000000000000000000000000000000000000000001032022/5                00020000900198471441
0010001300005Q 011000011761702793GABRIELLA CARLOS DA SILVA               GOV THEOTONIO FERREIRA, 03              VILA NOVA      28165000CMPS GOYTACAZESRJ0000000000000000                                        00030597400000019371   12345678
0010001300006R 01000000000000000000000000000000000000000000000000000000000000000000000000                                                                                          000000000000000000000000000000000000 000000000000  0000000000
0010001300007P 010000510000002827271 30597400000019372   111111032022/5/03   0512202200000000005921300000 02N041020220000000000000000000000000000000000000000000000000000000000000000000000000000001032022/5                00020000900198471441
0010001300008Q 011000011761702793GABRIELLA CARLOS DA SILVA               GOV THEOTONIO FERREIRA, 03              VILA NOVA      28165000CMPS GOYTACAZESRJ0000000000000000                                        00030597400000019372   12345678
0010001300009R 01000000000000000000000000000000000000000000000000000000000000000000000000                                                                                          000000000000000000000000000000000000 000000000000  0000000000
0010001300010P 010000510000002827271 30597400000019373   111111032022/5/04   0501202300000000005921300000 02N041020220000000000000000000000000000000000000000000000000000000000000000000000000000001032022/5                00020000900198471441
0010001300011Q 011000011761702793GABRIELLA CARLOS DA SILVA               GOV THEOTONIO FERREIRA, 03              VILA NOVA      28165000CMPS GOYTACAZESRJ0000000000000000                                        00030597400000019373   12345678
0010001300012R 01000000000000000000000000000000000000000000000000000000000000000000000000                                                                                          000000000000000000000000000000000000 000000000000  0000000000
0010001300013P 010000510000002827271 30597400000019374   111111032022/5/05   0502202300000000005921300000 02N041020220000000000000000000000000000000000000000000000000000000000000000000000000000001032022/5                00020000900198471441
0010001300014Q 011000011761702793GABRIELLA CARLOS DA SILVA               GOV THEOTONIO FERREIRA, 03              VILA NOVA      28165000CMPS GOYTACAZESRJ0000000000000000                                        00030597400000019374   12345678
0010001300015R 01000000000000000000000000000000000000000000000000000000000000000000000000                                                                                          000000000000000000000000000000000000 000000000000  0000000000
0010001300016P 010000510000002827271 30597400000019375   111111032022/5/06   0503202300000000005921300000 02N041020220000000000000000000000000000000000000000000000000000000000000000000000000000001032022/5                00020000900198471441
0010001300017Q 011000011761702793GABRIELLA CARLOS DA SILVA               GOV THEOTONIO FERREIRA, 03              VILA NOVA      28165000CMPS GOYTACAZESRJ0000000000000000                                        00030597400000019375   12345678
0010001300018R 01000000000000000000000000000000000000000000000000000000000000000000000000                                                                                          000000000000000000000000000000000000 000000000000  0000000000
0010001300019P 010000510000002827271 30597400000019376   111111032022/5/07   0504202300000000005921300000 02N041020220000000000000000000000000000000000000000000000000000000000000000000000000000001032022/5                00020000900198471441
0010001300020Q 011000011761702793GABRIELLA CARLOS DA SILVA               GOV THEOTONIO FERREIRA, 03              VILA NOVA      28165000CMPS GOYTACAZESRJ0000000000000000                                        00030597400000019376   12345678
0010001300021R 01000000000000000000000000000000000000000000000000000000000000000000000000                                                                                          000000000000000000000000000000000000 000000000000  0000000000
0010001300022P 010000510000002827271 30597400000019377   111111032022/5/08   0505202300000000005921300000 02N041020220000000000000000000000000000000000000000000000000000000000000000000000000000001032022/5                00020000900198471441
0010001300023Q 011000011761702793GABRIELLA CARLOS DA SILVA               GOV THEOTONIO FERREIRA, 03              VILA NOVA      28165000CMPS GOYTACAZESRJ0000000000000000                                        00030597400000019377   12345678
0010001300024R 01000000000000000000000000000000000000000000000000000000000000000000000000                                                                                          000000000000000000000000000000000000 000000000000  0000000000
0010001300025P 010000510000002827271 30597400000019378   111111032022/5/09   0506202300000000005921300000 02N041020220000000000000000000000000000000000000000000000000000000000000000000000000000001032022/5                00020000900198471441
0010001300026Q 011000011761702793GABRIELLA CARLOS DA SILVA               GOV THEOTONIO FERREIRA, 03              VILA NOVA      28165000CMPS GOYTACAZESRJ0000000000000000                                        00030597400000019378   12345678
0010001300027R 01000000000000000000000000000000000000000000000000000000000000000000000000                                                                                          000000000000000000000000000000000000 000000000000  0000000000
0010001300028P 010000510000002827271 30597400000019379   111111032022/5/10   0507202300000000005921300000 02N041020220000000000000000000000000000000000000000000000000000000000000000000000000000001032022/5                00020000900198471441
0010001300029Q 011000011761702793GABRIELLA CARLOS DA SILVA               GOV THEOTONIO FERREIRA, 03              VILA NOVA      28165000CMPS GOYTACAZESRJ0000000000000000                                        00030597400000019379   12345678
0010001300030R 01000000000000000000000000000000000000000000000000000000000000000000000000                                                                                          000000000000000000000000000000000000 000000000000  0000000000
0010001300031P 010000510000002827271 30597400000019380   111111032022/5/11   0508202300000000005921300000 02N041020220000000000000000000000000000000000000000000000000000000000000000000000000000001032022/5                00020000900198471441
0010001300032Q 011000011761702793GABRIELLA CARLOS DA SILVA               GOV THEOTONIO FERREIRA, 03              VILA NOVA      28165000CMPS GOYTACAZESRJ0000000000000000                                        00030597400000019380   12345678
0010001300033R 01000000000000000000000000000000000000000000000000000000000000000000000000                                                                                          000000000000000000000000000000000000 000000000000  0000000000
0010001300034P 010000510000002827271 30597400000019381   111111032022/5/12   0509202300000000005921300000 02N041020220000000000000000000000000000000000000000000000000000000000000000000000000000001032022/5                00020000900198471441
0010001300035Q 011000011761702793GABRIELLA CARLOS DA SILVA               GOV THEOTONIO FERREIRA, 03              VILA NOVA      28165000CMPS GOYTACAZESRJ0000000000000000                                        00030597400000019381   12345678
0010001300036R 01000000000000000000000000000000000000000000000000000000000000000000000000                                                                                          000000000000000000000000000000000000 000000000000  0000000000
0010001300037P 010000510000002827271 30597400000019382   111111032022/5/13   0510202300000000005921300000 02N041020220000000000000000000000000000000000000000000000000000000000000000000000000000001032022/5                00020000900198471441
0010001300038Q 011000011761702793GABRIELLA CARLOS DA SILVA               GOV THEOTONIO FERREIRA, 03              VILA NOVA      28165000CMPS GOYTACAZESRJ0000000000000000                                        00030597400000019382   12345678
0010001300039R 01000000000000000000000000000000000000000000000000000000000000000000000000                                                                                          000000000000000000000000000000000000 000000000000  0000000000
0010001300040P 010000510000002827271 30597400000019383   111111032022/5/14   0511202300000000005921300000 02N041020220000000000000000000000000000000000000000000000000000000000000000000000000000001032022/5                00020000900198471441
0010001300041Q 011000011761702793GABRIELLA CARLOS DA SILVA               GOV THEOTONIO FERREIRA, 03              VILA NOVA      28165000CMPS GOYTACAZESRJ0000000000000000                                        00030597400000019383   12345678
0010001300042R 01000000000000000000000000000000000000000000000000000000000000000000000000                                                                                          000000000000000000000000000000000000 000000000000  0000000000
0010001300043P 010000510000002827271 30597400000019384   111111032022/5/15   0512202300000000005921300000 02N041020220000000000000000000000000000000000000000000000000000000000000000000000000000001032022/5                00020000900198471441
0010001300044Q 011000011761702793GABRIELLA CARLOS DA SILVA               GOV THEOTONIO FERREIRA, 03              VILA NOVA      28165000CMPS GOYTACAZESRJ0000000000000000                                        00030597400000019384   12345678
0010001300045R 01000000000000000000000000000000000000000000000000000000000000000000000000                                                                                          000000000000000000000000000000000000 000000000000  0000000000
0010001300046P 010000510000002827271 30597400000019385   111111032022/5/16   0501202400000000005921300000 02N041020220000000000000000000000000000000000000000000000000000000000000000000000000000001032022/5                00020000900198471441
0010001300047Q 011000011761702793GABRIELLA CARLOS DA SILVA               GOV THEOTONIO FERREIRA, 03              VILA NOVA      28165000CMPS GOYTACAZESRJ0000000000000000                                        00030597400000019385   12345678
0010001300048R 01000000000000000000000000000000000000000000000000000000000000000000000000                                                                                          000000000000000000000000000000000000 000000000000  0000000000
0010001300049P 010000510000002827271 30597400000019386   111111032022/5/17   0502202400000000005921300000 02N041020220000000000000000000000000000000000000000000000000000000000000000000000000000001032022/5                00020000900198471441
0010001300050Q 011000011761702793GABRIELLA CARLOS DA SILVA               GOV THEOTONIO FERREIRA, 03              VILA NOVA      28165000CMPS GOYTACAZESRJ0000000000000000                                        00030597400000019386   12345678
0010001300051R 01000000000000000000000000000000000000000000000000000000000000000000000000                                                                                          000000000000000000000000000000000000 000000000000  0000000000
0010001300052P 010000510000002827271 30597400000019387   111111032022/5/18   0503202400000000005921300000 02N041020220000000000000000000000000000000000000000000000000000000000000000000000000000001032022/5                00020000900198471441
0010001300053Q 011000011761702793GABRIELLA CARLOS DA SILVA               GOV THEOTONIO FERREIRA, 03              VILA NOVA      28165000CMPS GOYTACAZESRJ0000000000000000                                        00030597400000019387   12345678
0010001300054R 01000000000000000000000000000000000000000000000000000000000000000000000000                                                                                          000000000000000000000000000000000000 000000000000  0000000000
00100015         00005600000000000000000000000000000000000000000000000000000000000000000000000000000000000000000000                                                                                                                             
00199999         000001000058000000                                                                                                                                                                                                             
