00100000         221545238000172                    0000510000002827271 FUNDO DE DESENVOLVIMENTO DE CABANCO DO BRASIL S.A.                    11810202214200700000008000000                                                                     
00100011R0100020 2021545238000172003059740001417019  0000510000002827271 FUNDO DE DESENVOLVIMENTO DE CA                                                                                00000309181020220000000000000000003059740        CBR30000
0010001300001P 060000510000002827271 30597400000014434   111110032021/12ES/031002202400000000001276000000 02N291120213000000000000000000000000000000000000000000000000000000000000000000000000000000032021/12ES             30020000900198471440
0010001300002Q 061000002362182711FIDELINA RIBEIRO MORAES GOMES           ESTRADA CAMPOS SAO FIDELIS              ITERERE        28010000CAMPOS DOS GOYTRJ0000000000000000                                        00030597400000014434   12345678
00100015         00000400000000000000000000000000000000000000000000000000000000000000000000000000000000000000000000                                                                                                                             
00199999         000001000006000000                                                                                                                                                                                                             
