00100000         221545238000172                    0000510000002827271 FUNDO DE DESENVOLVIMENTO DE CABANCO DO BRASIL S.A.                    1080320231433500003700000000000000000000000000000000000000000000000000000000000000000000000000000
00100011R0100020 2021545238000172003059740001417019TS0000510000002827271 FUNDO DE DESENVOLVIMENTO DE CA                                                                                000000370803202300000000                                 
0010001300001P 010000510000002827271 30597400000019932   1111100000000000000031032023000000000530.0000000 02N0103202300000000000000000000000000000000000000000000000000000000000000000000000000000000000000000000000000000000002000000000000000 
0010001300002Q 011000007871869701Edma Borges de Azeredo Crespo           ,  -                                                   CAMPOS DOS GOYTRJ0000000000000000                                        000                            
0010001300003R 01000000000000000000000000000000000000000000000000231032023000000000000200          FUNDECAM - FUNDO DE DESENV. DE CAMPOS   0000000000000000000000000000000000000000                    00000000000000000000000000000000         
0010001300004P 010000510000002827271 30597400000019933   1111100000000000000030042023000000000530.0000000 02N0103202300000000000000000000000000000000000000000000000000000000000000000000000000000000000000000000000000000000002000000000000000 
0010001300005Q 011000007871869701Edma Borges de Azeredo Crespo           ,  -                                                   CAMPOS DOS GOYTRJ0000000000000000                                        000                            
0010001300006R 01000000000000000000000000000000000000000000000000230042023000000000000200          FUNDECAM - FUNDO DE DESENV. DE CAMPOS   0000000000000000000000000000000000000000                    00000000000000000000000000000000         
0010001300007P 010000510000002827271 30597400000019934   1111100000000000000030052023000000000530.0000000 02N0103202300000000000000000000000000000000000000000000000000000000000000000000000000000000000000000000000000000000002000000000000000 
0010001300008Q 011000007871869701Edma Borges de Azeredo Crespo           ,  -                                                   CAMPOS DOS GOYTRJ0000000000000000                                        000                            
0010001300009R 01000000000000000000000000000000000000000000000000230052023000000000000200          FUNDECAM - FUNDO DE DESENV. DE CAMPOS   0000000000000000000000000000000000000000                    00000000000000000000000000000000         
0010001300010P 010000510000002827271 30597400000019935   1111100000000000000029062023000000000530.0000000 02N0103202300000000000000000000000000000000000000000000000000000000000000000000000000000000000000000000000000000000002000000000000000 
0010001300011Q 011000007871869701Edma Borges de Azeredo Crespo           ,  -                                                   CAMPOS DOS GOYTRJ0000000000000000                                        000                            
0010001300012R 01000000000000000000000000000000000000000000000000229062023000000000000200          FUNDECAM - FUNDO DE DESENV. DE CAMPOS   0000000000000000000000000000000000000000                    00000000000000000000000000000000         
0010001300013P 010000510000002827271 30597400000019936   1111100000000000000029072023000000000530.0000000 02N0103202300000000000000000000000000000000000000000000000000000000000000000000000000000000000000000000000000000000002000000000000000 
0010001300014Q 011000007871869701Edma Borges de Azeredo Crespo           ,  -                                                   CAMPOS DOS GOYTRJ0000000000000000                                        000                            
0010001300015R 01000000000000000000000000000000000000000000000000229072023000000000000200          FUNDECAM - FUNDO DE DESENV. DE CAMPOS   0000000000000000000000000000000000000000                    00000000000000000000000000000000         
0010001300016P 010000510000002827271 30597400000019937   1111100000000000000028082023000000000530.0000000 02N0103202300000000000000000000000000000000000000000000000000000000000000000000000000000000000000000000000000000000002000000000000000 
0010001300017Q 011000007871869701Edma Borges de Azeredo Crespo           ,  -                                                   CAMPOS DOS GOYTRJ0000000000000000                                        000                            
0010001300018R 01000000000000000000000000000000000000000000000000228082023000000000000200          FUNDECAM - FUNDO DE DESENV. DE CAMPOS   0000000000000000000000000000000000000000                    00000000000000000000000000000000         
0010001300019P 010000510000002827271 30597400000019938   1111100000000000000027092023000000000530.0000000 02N0103202300000000000000000000000000000000000000000000000000000000000000000000000000000000000000000000000000000000002000000000000000 
0010001300020Q 011000007871869701Edma Borges de Azeredo Crespo           ,  -                                                   CAMPOS DOS GOYTRJ0000000000000000                                        000                            
0010001300021R 01000000000000000000000000000000000000000000000000227092023000000000000200          FUNDECAM - FUNDO DE DESENV. DE CAMPOS   0000000000000000000000000000000000000000                    00000000000000000000000000000000         
0010001300022P 010000510000002827271 30597400000019939   1111100000000000000027102023000000000530.0000000 02N0103202300000000000000000000000000000000000000000000000000000000000000000000000000000000000000000000000000000000002000000000000000 
0010001300023Q 011000007871869701Edma Borges de Azeredo Crespo           ,  -                                                   CAMPOS DOS GOYTRJ0000000000000000                                        000                            
0010001300024R 01000000000000000000000000000000000000000000000000227102023000000000000200          FUNDECAM - FUNDO DE DESENV. DE CAMPOS   0000000000000000000000000000000000000000                    00000000000000000000000000000000         
0010001300025P 010000510000002827271 30597400000019940   1111100000000000000026112023000000000530.0000000 02N0103202300000000000000000000000000000000000000000000000000000000000000000000000000000000000000000000000000000000002000000000000000 
0010001300026Q 011000007871869701Edma Borges de Azeredo Crespo           ,  -                                                   CAMPOS DOS GOYTRJ0000000000000000                                        000                            
0010001300027R 01000000000000000000000000000000000000000000000000226112023000000000000200          FUNDECAM - FUNDO DE DESENV. DE CAMPOS   0000000000000000000000000000000000000000                    00000000000000000000000000000000         
0010001300028P 010000510000002827271 30597400000019941   1111100000000000000026122023000000000530.0000000 02N0103202300000000000000000000000000000000000000000000000000000000000000000000000000000000000000000000000000000000002000000000000000 
0010001300029Q 011000007871869701Edma Borges de Azeredo Crespo           ,  -                                                   CAMPOS DOS GOYTRJ0000000000000000                                        000                            
0010001300030R 01000000000000000000000000000000000000000000000000226122023000000000000200          FUNDECAM - FUNDO DE DESENV. DE CAMPOS   0000000000000000000000000000000000000000                    00000000000000000000000000000000         
00100015         0000320000000000000000000000000000000000000000000000000000000000000000000000000000000000000000000000000000000000000000000000000000000000000000000000000000000000000000000000000000000000000000000000000000000000000000000000000
00199999         000001000034000000                                                                                                                                                                                                             
