00100000         221545238000172                    0000510000002827271 FUNDO DE DESENVOLVIMENTO DE CABANCO DO BRASIL S.A.                    11910202210350100000008000000                                                                     
00100011R0100020 2021545238000172003059740001417019  0000510000002827271 FUNDO DE DESENVOLVIMENTO DE CA                                                                                00000310191020220000000000000000003059740        CBR30000
0010001300001P 010000510000002827271 30597400000019668   111111362022/15/01  0811202200000000004613500000 02N181020220000000000000000000000000000000000000000000000000000000000000000000000000000001362022/15               00020000900198471441
0010001300002Q 011000013695222743ELIAKIM CORDEIRO DE SOUZA               ARI RIBEIRO VAZ, 30                     NOVA CAMPOS    28085120CMPS GOYTCAZES RJ0000000000000000                                        00030597400000019668   12345678
0010001300003R 01000000000000000000000000000000000000000000000000000000000000000000000000                                                                                          000000000000000000000000000000000000 000000000000  0000000000
0010001300004P 010000510000002827271 30597400000019669   111111362022/15/02  0812202200000000004613500000 02N181020220000000000000000000000000000000000000000000000000000000000000000000000000000001362022/15               00020000900198471441
0010001300005Q 011000013695222743ELIAKIM CORDEIRO DE SOUZA               ARI RIBEIRO VAZ, 30                     NOVA CAMPOS    28085120CMPS GOYTCAZES RJ0000000000000000                                        00030597400000019669   12345678
0010001300006R 01000000000000000000000000000000000000000000000000000000000000000000000000                                                                                          000000000000000000000000000000000000 000000000000  0000000000
0010001300007P 010000510000002827271 30597400000019670   111111362022/15/03  0801202300000000004613500000 02N181020220000000000000000000000000000000000000000000000000000000000000000000000000000001362022/15               00020000900198471441
0010001300008Q 011000013695222743ELIAKIM CORDEIRO DE SOUZA               ARI RIBEIRO VAZ, 30                     NOVA CAMPOS    28085120CMPS GOYTCAZES RJ0000000000000000                                        00030597400000019670   12345678
0010001300009R 01000000000000000000000000000000000000000000000000000000000000000000000000                                                                                          000000000000000000000000000000000000 000000000000  0000000000
0010001300010P 010000510000002827271 30597400000019671   111111362022/15/04  0802202300000000004613500000 02N181020220000000000000000000000000000000000000000000000000000000000000000000000000000001362022/15               00020000900198471441
0010001300011Q 011000013695222743ELIAKIM CORDEIRO DE SOUZA               ARI RIBEIRO VAZ, 30                     NOVA CAMPOS    28085120CMPS GOYTCAZES RJ0000000000000000                                        00030597400000019671   12345678
0010001300012R 01000000000000000000000000000000000000000000000000000000000000000000000000                                                                                          000000000000000000000000000000000000 000000000000  0000000000
0010001300013P 010000510000002827271 30597400000019672   111111362022/15/05  0803202300000000004613500000 02N181020220000000000000000000000000000000000000000000000000000000000000000000000000000001362022/15               00020000900198471441
0010001300014Q 011000013695222743ELIAKIM CORDEIRO DE SOUZA               ARI RIBEIRO VAZ, 30                     NOVA CAMPOS    28085120CMPS GOYTCAZES RJ0000000000000000                                        00030597400000019672   12345678
0010001300015R 01000000000000000000000000000000000000000000000000000000000000000000000000                                                                                          000000000000000000000000000000000000 000000000000  0000000000
0010001300016P 010000510000002827271 30597400000019673   111111362022/15/06  0804202300000000004613500000 02N181020220000000000000000000000000000000000000000000000000000000000000000000000000000001362022/15               00020000900198471441
0010001300017Q 011000013695222743ELIAKIM CORDEIRO DE SOUZA               ARI RIBEIRO VAZ, 30                     NOVA CAMPOS    28085120CMPS GOYTCAZES RJ0000000000000000                                        00030597400000019673   12345678
0010001300018R 01000000000000000000000000000000000000000000000000000000000000000000000000                                                                                          000000000000000000000000000000000000 000000000000  0000000000
0010001300019P 010000510000002827271 30597400000019674   111111362022/15/07  0805202300000000004613500000 02N181020220000000000000000000000000000000000000000000000000000000000000000000000000000001362022/15               00020000900198471441
0010001300020Q 011000013695222743ELIAKIM CORDEIRO DE SOUZA               ARI RIBEIRO VAZ, 30                     NOVA CAMPOS    28085120CMPS GOYTCAZES RJ0000000000000000                                        00030597400000019674   12345678
0010001300021R 01000000000000000000000000000000000000000000000000000000000000000000000000                                                                                          000000000000000000000000000000000000 000000000000  0000000000
0010001300022P 010000510000002827271 30597400000019675   111111362022/15/08  0806202300000000004613500000 02N181020220000000000000000000000000000000000000000000000000000000000000000000000000000001362022/15               00020000900198471441
0010001300023Q 011000013695222743ELIAKIM CORDEIRO DE SOUZA               ARI RIBEIRO VAZ, 30                     NOVA CAMPOS    28085120CMPS GOYTCAZES RJ0000000000000000                                        00030597400000019675   12345678
0010001300024R 01000000000000000000000000000000000000000000000000000000000000000000000000                                                                                          000000000000000000000000000000000000 000000000000  0000000000
0010001300025P 010000510000002827271 30597400000019676   111111362022/15/09  0807202300000000004613500000 02N181020220000000000000000000000000000000000000000000000000000000000000000000000000000001362022/15               00020000900198471441
0010001300026Q 011000013695222743ELIAKIM CORDEIRO DE SOUZA               ARI RIBEIRO VAZ, 30                     NOVA CAMPOS    28085120CMPS GOYTCAZES RJ0000000000000000                                        00030597400000019676   12345678
0010001300027R 01000000000000000000000000000000000000000000000000000000000000000000000000                                                                                          000000000000000000000000000000000000 000000000000  0000000000
0010001300028P 010000510000002827271 30597400000019677   111111362022/15/10  0808202300000000004613500000 02N181020220000000000000000000000000000000000000000000000000000000000000000000000000000001362022/15               00020000900198471441
0010001300029Q 011000013695222743ELIAKIM CORDEIRO DE SOUZA               ARI RIBEIRO VAZ, 30                     NOVA CAMPOS    28085120CMPS GOYTCAZES RJ0000000000000000                                        00030597400000019677   12345678
0010001300030R 01000000000000000000000000000000000000000000000000000000000000000000000000                                                                                          000000000000000000000000000000000000 000000000000  0000000000
0010001300031P 010000510000002827271 30597400000019678   111111362022/15/11  0809202300000000004613500000 02N181020220000000000000000000000000000000000000000000000000000000000000000000000000000001362022/15               00020000900198471441
0010001300032Q 011000013695222743ELIAKIM CORDEIRO DE SOUZA               ARI RIBEIRO VAZ, 30                     NOVA CAMPOS    28085120CMPS GOYTCAZES RJ0000000000000000                                        00030597400000019678   12345678
0010001300033R 01000000000000000000000000000000000000000000000000000000000000000000000000                                                                                          000000000000000000000000000000000000 000000000000  0000000000
0010001300034P 010000510000002827271 30597400000019679   111111362022/15/12  0810202300000000004613500000 02N181020220000000000000000000000000000000000000000000000000000000000000000000000000000001362022/15               00020000900198471441
0010001300035Q 011000013695222743ELIAKIM CORDEIRO DE SOUZA               ARI RIBEIRO VAZ, 30                     NOVA CAMPOS    28085120CMPS GOYTCAZES RJ0000000000000000                                        00030597400000019679   12345678
0010001300036R 01000000000000000000000000000000000000000000000000000000000000000000000000                                                                                          000000000000000000000000000000000000 000000000000  0000000000
0010001300037P 010000510000002827271 30597400000019680   111111362022/15/13  0811202300000000004613500000 02N181020220000000000000000000000000000000000000000000000000000000000000000000000000000001362022/15               00020000900198471441
0010001300038Q 011000013695222743ELIAKIM CORDEIRO DE SOUZA               ARI RIBEIRO VAZ, 30                     NOVA CAMPOS    28085120CMPS GOYTCAZES RJ0000000000000000                                        00030597400000019680   12345678
0010001300039R 01000000000000000000000000000000000000000000000000000000000000000000000000                                                                                          000000000000000000000000000000000000 000000000000  0000000000
0010001300040P 010000510000002827271 30597400000019681   111111362022/15/14  0812202300000000004613500000 02N181020220000000000000000000000000000000000000000000000000000000000000000000000000000001362022/15               00020000900198471441
0010001300041Q 011000013695222743ELIAKIM CORDEIRO DE SOUZA               ARI RIBEIRO VAZ, 30                     NOVA CAMPOS    28085120CMPS GOYTCAZES RJ0000000000000000                                        00030597400000019681   12345678
0010001300042R 01000000000000000000000000000000000000000000000000000000000000000000000000                                                                                          000000000000000000000000000000000000 000000000000  0000000000
0010001300043P 010000510000002827271 30597400000019682   111111362022/15/15  0801202400000000004613500000 02N181020220000000000000000000000000000000000000000000000000000000000000000000000000000001362022/15               00020000900198471441
0010001300044Q 011000013695222743ELIAKIM CORDEIRO DE SOUZA               ARI RIBEIRO VAZ, 30                     NOVA CAMPOS    28085120CMPS GOYTCAZES RJ0000000000000000                                        00030597400000019682   12345678
0010001300045R 01000000000000000000000000000000000000000000000000000000000000000000000000                                                                                          000000000000000000000000000000000000 000000000000  0000000000
0010001300046P 010000510000002827271 30597400000019683   111111362022/15/16  0802202400000000004613500000 02N181020220000000000000000000000000000000000000000000000000000000000000000000000000000001362022/15               00020000900198471441
0010001300047Q 011000013695222743ELIAKIM CORDEIRO DE SOUZA               ARI RIBEIRO VAZ, 30                     NOVA CAMPOS    28085120CMPS GOYTCAZES RJ0000000000000000                                        00030597400000019683   12345678
0010001300048R 01000000000000000000000000000000000000000000000000000000000000000000000000                                                                                          000000000000000000000000000000000000 000000000000  0000000000
0010001300049P 010000510000002827271 30597400000019684   111111362022/15/17  0803202400000000004613500000 02N181020220000000000000000000000000000000000000000000000000000000000000000000000000000001362022/15               00020000900198471441
0010001300050Q 011000013695222743ELIAKIM CORDEIRO DE SOUZA               ARI RIBEIRO VAZ, 30                     NOVA CAMPOS    28085120CMPS GOYTCAZES RJ0000000000000000                                        00030597400000019684   12345678
0010001300051R 01000000000000000000000000000000000000000000000000000000000000000000000000                                                                                          000000000000000000000000000000000000 000000000000  0000000000
0010001300052P 010000510000002827271 30597400000019685   111111362022/15/18  0804202400000000004613500000 02N181020220000000000000000000000000000000000000000000000000000000000000000000000000000001362022/15               00020000900198471441
0010001300053Q 011000013695222743ELIAKIM CORDEIRO DE SOUZA               ARI RIBEIRO VAZ, 30                     NOVA CAMPOS    28085120CMPS GOYTCAZES RJ0000000000000000                                        00030597400000019685   12345678
0010001300054R 01000000000000000000000000000000000000000000000000000000000000000000000000                                                                                          000000000000000000000000000000000000 000000000000  0000000000
0010001300055P 010000510000002827271 30597400000019686   111111362022/15/19  0805202400000000004613500000 02N181020220000000000000000000000000000000000000000000000000000000000000000000000000000001362022/15               00020000900198471441
0010001300056Q 011000013695222743ELIAKIM CORDEIRO DE SOUZA               ARI RIBEIRO VAZ, 30                     NOVA CAMPOS    28085120CMPS GOYTCAZES RJ0000000000000000                                        00030597400000019686   12345678
0010001300057R 01000000000000000000000000000000000000000000000000000000000000000000000000                                                                                          000000000000000000000000000000000000 000000000000  0000000000
0010001300058P 010000510000002827271 30597400000019687   111111362022/15/20  0806202400000000004613500000 02N181020220000000000000000000000000000000000000000000000000000000000000000000000000000001362022/15               00020000900198471441
0010001300059Q 011000013695222743ELIAKIM CORDEIRO DE SOUZA               ARI RIBEIRO VAZ, 30                     NOVA CAMPOS    28085120CMPS GOYTCAZES RJ0000000000000000                                        00030597400000019687   12345678
0010001300060R 01000000000000000000000000000000000000000000000000000000000000000000000000                                                                                          000000000000000000000000000000000000 000000000000  0000000000
0010001300061P 010000510000002827271 30597400000019688   111111362022/15/21  0807202400000000004613500000 02N181020220000000000000000000000000000000000000000000000000000000000000000000000000000001362022/15               00020000900198471441
0010001300062Q 011000013695222743ELIAKIM CORDEIRO DE SOUZA               ARI RIBEIRO VAZ, 30                     NOVA CAMPOS    28085120CMPS GOYTCAZES RJ0000000000000000                                        00030597400000019688   12345678
0010001300063R 01000000000000000000000000000000000000000000000000000000000000000000000000                                                                                          000000000000000000000000000000000000 000000000000  0000000000
0010001300064P 010000510000002827271 30597400000019725   111111622022/16/01  2510202200000000003552800000 02N191020220000000000000000000000000000000000000000000000000000000000000000000000000000001622022/16               00020000900198471441
0010001300065Q 011000001793351708CARLOS MAGNO DE SOUZA FERNANDES         RUA ANTONIO PARENTE, 21                 TOCOS          28110000CMPS GOYTACAZESRJ0000000000000000                                        00030597400000019725   12345678
0010001300066R 01000000000000000000000000000000000000000000000000000000000000000000000000                                                                                          000000000000000000000000000000000000 000000000000  0000000000
0010001300067P 010000510000002827271 30597400000019726   111111622022/16/02  2511202200000000003552800000 02N191020220000000000000000000000000000000000000000000000000000000000000000000000000000001622022/16               00020000900198471441
0010001300068Q 011000001793351708CARLOS MAGNO DE SOUZA FERNANDES         RUA ANTONIO PARENTE, 21                 TOCOS          28110000CMPS GOYTACAZESRJ0000000000000000                                        00030597400000019726   12345678
0010001300069R 01000000000000000000000000000000000000000000000000000000000000000000000000                                                                                          000000000000000000000000000000000000 000000000000  0000000000
0010001300070P 010000510000002827271 30597400000019727   111111622022/16/03  2512202200000000003552800000 02N191020220000000000000000000000000000000000000000000000000000000000000000000000000000001622022/16               00020000900198471441
0010001300071Q 011000001793351708CARLOS MAGNO DE SOUZA FERNANDES         RUA ANTONIO PARENTE, 21                 TOCOS          28110000CMPS GOYTACAZESRJ0000000000000000                                        00030597400000019727   12345678
0010001300072R 01000000000000000000000000000000000000000000000000000000000000000000000000                                                                                          000000000000000000000000000000000000 000000000000  0000000000
0010001300073P 010000510000002827271 30597400000019728   111111622022/16/04  2501202300000000003552800000 02N191020220000000000000000000000000000000000000000000000000000000000000000000000000000001622022/16               00020000900198471441
0010001300074Q 011000001793351708CARLOS MAGNO DE SOUZA FERNANDES         RUA ANTONIO PARENTE, 21                 TOCOS          28110000CMPS GOYTACAZESRJ0000000000000000                                        00030597400000019728   12345678
0010001300075R 01000000000000000000000000000000000000000000000000000000000000000000000000                                                                                          000000000000000000000000000000000000 000000000000  0000000000
0010001300076P 010000510000002827271 30597400000019729   111111622022/16/05  2502202300000000003552800000 02N191020220000000000000000000000000000000000000000000000000000000000000000000000000000001622022/16               00020000900198471441
0010001300077Q 011000001793351708CARLOS MAGNO DE SOUZA FERNANDES         RUA ANTONIO PARENTE, 21                 TOCOS          28110000CMPS GOYTACAZESRJ0000000000000000                                        00030597400000019729   12345678
0010001300078R 01000000000000000000000000000000000000000000000000000000000000000000000000                                                                                          000000000000000000000000000000000000 000000000000  0000000000
0010001300079P 010000510000002827271 30597400000019730   111111622022/16/06  2503202300000000003552800000 02N191020220000000000000000000000000000000000000000000000000000000000000000000000000000001622022/16               00020000900198471441
0010001300080Q 011000001793351708CARLOS MAGNO DE SOUZA FERNANDES         RUA ANTONIO PARENTE, 21                 TOCOS          28110000CMPS GOYTACAZESRJ0000000000000000                                        00030597400000019730   12345678
0010001300081R 01000000000000000000000000000000000000000000000000000000000000000000000000                                                                                          000000000000000000000000000000000000 000000000000  0000000000
0010001300082P 010000510000002827271 30597400000019731   111111622022/16/07  2504202300000000003552800000 02N191020220000000000000000000000000000000000000000000000000000000000000000000000000000001622022/16               00020000900198471441
0010001300083Q 011000001793351708CARLOS MAGNO DE SOUZA FERNANDES         RUA ANTONIO PARENTE, 21                 TOCOS          28110000CMPS GOYTACAZESRJ0000000000000000                                        00030597400000019731   12345678
0010001300084R 01000000000000000000000000000000000000000000000000000000000000000000000000                                                                                          000000000000000000000000000000000000 000000000000  0000000000
0010001300085P 010000510000002827271 30597400000019732   111111622022/16/08  2505202300000000003552800000 02N191020220000000000000000000000000000000000000000000000000000000000000000000000000000001622022/16               00020000900198471441
0010001300086Q 011000001793351708CARLOS MAGNO DE SOUZA FERNANDES         RUA ANTONIO PARENTE, 21                 TOCOS          28110000CMPS GOYTACAZESRJ0000000000000000                                        00030597400000019732   12345678
0010001300087R 01000000000000000000000000000000000000000000000000000000000000000000000000                                                                                          000000000000000000000000000000000000 000000000000  0000000000
0010001300088P 010000510000002827271 30597400000019733   111111622022/16/09  2506202300000000003552800000 02N191020220000000000000000000000000000000000000000000000000000000000000000000000000000001622022/16               00020000900198471441
0010001300089Q 011000001793351708CARLOS MAGNO DE SOUZA FERNANDES         RUA ANTONIO PARENTE, 21                 TOCOS          28110000CMPS GOYTACAZESRJ0000000000000000                                        00030597400000019733   12345678
0010001300090R 01000000000000000000000000000000000000000000000000000000000000000000000000                                                                                          000000000000000000000000000000000000 000000000000  0000000000
0010001300091P 010000510000002827271 30597400000019734   111111622022/16/10  2507202300000000003552800000 02N191020220000000000000000000000000000000000000000000000000000000000000000000000000000001622022/16               00020000900198471441
0010001300092Q 011000001793351708CARLOS MAGNO DE SOUZA FERNANDES         RUA ANTONIO PARENTE, 21                 TOCOS          28110000CMPS GOYTACAZESRJ0000000000000000                                        00030597400000019734   12345678
0010001300093R 01000000000000000000000000000000000000000000000000000000000000000000000000                                                                                          000000000000000000000000000000000000 000000000000  0000000000
0010001300094P 010000510000002827271 30597400000019735   111111622022/16/11  2508202300000000003552800000 02N191020220000000000000000000000000000000000000000000000000000000000000000000000000000001622022/16               00020000900198471441
0010001300095Q 011000001793351708CARLOS MAGNO DE SOUZA FERNANDES         RUA ANTONIO PARENTE, 21                 TOCOS          28110000CMPS GOYTACAZESRJ0000000000000000                                        00030597400000019735   12345678
0010001300096R 01000000000000000000000000000000000000000000000000000000000000000000000000                                                                                          000000000000000000000000000000000000 000000000000  0000000000
0010001300097P 010000510000002827271 30597400000019736   111111622022/16/12  2509202300000000003552800000 02N191020220000000000000000000000000000000000000000000000000000000000000000000000000000001622022/16               00020000900198471441
0010001300098Q 011000001793351708CARLOS MAGNO DE SOUZA FERNANDES         RUA ANTONIO PARENTE, 21                 TOCOS          28110000CMPS GOYTACAZESRJ0000000000000000                                        00030597400000019736   12345678
0010001300099R 01000000000000000000000000000000000000000000000000000000000000000000000000                                                                                          000000000000000000000000000000000000 000000000000  0000000000
0010001300100P 010000510000002827271 30597400000019737   111111622022/16/13  2510202300000000003552800000 02N191020220000000000000000000000000000000000000000000000000000000000000000000000000000001622022/16               00020000900198471441
0010001300101Q 011000001793351708CARLOS MAGNO DE SOUZA FERNANDES         RUA ANTONIO PARENTE, 21                 TOCOS          28110000CMPS GOYTACAZESRJ0000000000000000                                        00030597400000019737   12345678
0010001300102R 01000000000000000000000000000000000000000000000000000000000000000000000000                                                                                          000000000000000000000000000000000000 000000000000  0000000000
0010001300103P 010000510000002827271 30597400000019738   111111622022/16/14  2511202300000000003552800000 02N191020220000000000000000000000000000000000000000000000000000000000000000000000000000001622022/16               00020000900198471441
0010001300104Q 011000001793351708CARLOS MAGNO DE SOUZA FERNANDES         RUA ANTONIO PARENTE, 21                 TOCOS          28110000CMPS GOYTACAZESRJ0000000000000000                                        00030597400000019738   12345678
0010001300105R 01000000000000000000000000000000000000000000000000000000000000000000000000                                                                                          000000000000000000000000000000000000 000000000000  0000000000
0010001300106P 010000510000002827271 30597400000019739   111111622022/16/15  2512202300000000003552800000 02N191020220000000000000000000000000000000000000000000000000000000000000000000000000000001622022/16               00020000900198471441
0010001300107Q 011000001793351708CARLOS MAGNO DE SOUZA FERNANDES         RUA ANTONIO PARENTE, 21                 TOCOS          28110000CMPS GOYTACAZESRJ0000000000000000                                        00030597400000019739   12345678
0010001300108R 01000000000000000000000000000000000000000000000000000000000000000000000000                                                                                          000000000000000000000000000000000000 000000000000  0000000000
0010001300109P 010000510000002827271 30597400000019740   111111622022/16/16  2501202400000000003552800000 02N191020220000000000000000000000000000000000000000000000000000000000000000000000000000001622022/16               00020000900198471441
0010001300110Q 011000001793351708CARLOS MAGNO DE SOUZA FERNANDES         RUA ANTONIO PARENTE, 21                 TOCOS          28110000CMPS GOYTACAZESRJ0000000000000000                                        00030597400000019740   12345678
0010001300111R 01000000000000000000000000000000000000000000000000000000000000000000000000                                                                                          000000000000000000000000000000000000 000000000000  0000000000
0010001300112P 010000510000002827271 30597400000019741   111111622022/16/17  2502202400000000003552800000 02N191020220000000000000000000000000000000000000000000000000000000000000000000000000000001622022/16               00020000900198471441
0010001300113Q 011000001793351708CARLOS MAGNO DE SOUZA FERNANDES         RUA ANTONIO PARENTE, 21                 TOCOS          28110000CMPS GOYTACAZESRJ0000000000000000                                        00030597400000019741   12345678
0010001300114R 01000000000000000000000000000000000000000000000000000000000000000000000000                                                                                          000000000000000000000000000000000000 000000000000  0000000000
0010001300115P 010000510000002827271 30597400000019742   111111622022/16/18  2503202400000000003552800000 02N191020220000000000000000000000000000000000000000000000000000000000000000000000000000001622022/16               00020000900198471441
0010001300116Q 011000001793351708CARLOS MAGNO DE SOUZA FERNANDES         RUA ANTONIO PARENTE, 21                 TOCOS          28110000CMPS GOYTACAZESRJ0000000000000000                                        00030597400000019742   12345678
0010001300117R 01000000000000000000000000000000000000000000000000000000000000000000000000                                                                                          000000000000000000000000000000000000 000000000000  0000000000
0010001300118P 010000510000002827271 30597400000019650   111111922022/12/01  0811202200000000005921300000 02N181020220000000000000000000000000000000000000000000000000000000000000000000000000000001922022/12               00020000900198471441
0010001300119Q 011000011456476777CARLOS DANILLO PESSANHA MOREIRA XAVIER  RUA OLIVIO MAGALHAES, 55                PQ. LEOPOLDI   28073210CAMPOS DOS GOYTRJ0000000000000000                                        00030597400000019650   12345678
0010001300120R 01000000000000000000000000000000000000000000000000000000000000000000000000                                                                                          000000000000000000000000000000000000 000000000000  0000000000
0010001300121P 010000510000002827271 30597400000019651   111111922022/12/02  0812202200000000005921300000 02N181020220000000000000000000000000000000000000000000000000000000000000000000000000000001922022/12               00020000900198471441
0010001300122Q 011000011456476777CARLOS DANILLO PESSANHA MOREIRA XAVIER  RUA OLIVIO MAGALHAES, 55                PQ. LEOPOLDI   28073210CAMPOS DOS GOYTRJ0000000000000000                                        00030597400000019651   12345678
0010001300123R 01000000000000000000000000000000000000000000000000000000000000000000000000                                                                                          000000000000000000000000000000000000 000000000000  0000000000
0010001300124P 010000510000002827271 30597400000019652   111111922022/12/03  0801202300000000005921300000 02N181020220000000000000000000000000000000000000000000000000000000000000000000000000000001922022/12               00020000900198471441
0010001300125Q 011000011456476777CARLOS DANILLO PESSANHA MOREIRA XAVIER  RUA OLIVIO MAGALHAES, 55                PQ. LEOPOLDI   28073210CAMPOS DOS GOYTRJ0000000000000000                                        00030597400000019652   12345678
0010001300126R 01000000000000000000000000000000000000000000000000000000000000000000000000                                                                                          000000000000000000000000000000000000 000000000000  0000000000
0010001300127P 010000510000002827271 30597400000019653   111111922022/12/04  0802202300000000005921300000 02N181020220000000000000000000000000000000000000000000000000000000000000000000000000000001922022/12               00020000900198471441
0010001300128Q 011000011456476777CARLOS DANILLO PESSANHA MOREIRA XAVIER  RUA OLIVIO MAGALHAES, 55                PQ. LEOPOLDI   28073210CAMPOS DOS GOYTRJ0000000000000000                                        00030597400000019653   12345678
0010001300129R 01000000000000000000000000000000000000000000000000000000000000000000000000                                                                                          000000000000000000000000000000000000 000000000000  0000000000
0010001300130P 010000510000002827271 30597400000019654   111111922022/12/05  0803202300000000005921300000 02N181020220000000000000000000000000000000000000000000000000000000000000000000000000000001922022/12               00020000900198471441
0010001300131Q 011000011456476777CARLOS DANILLO PESSANHA MOREIRA XAVIER  RUA OLIVIO MAGALHAES, 55                PQ. LEOPOLDI   28073210CAMPOS DOS GOYTRJ0000000000000000                                        00030597400000019654   12345678
0010001300132R 01000000000000000000000000000000000000000000000000000000000000000000000000                                                                                          000000000000000000000000000000000000 000000000000  0000000000
0010001300133P 010000510000002827271 30597400000019655   111111922022/12/06  0804202300000000005921300000 02N181020220000000000000000000000000000000000000000000000000000000000000000000000000000001922022/12               00020000900198471441
0010001300134Q 011000011456476777CARLOS DANILLO PESSANHA MOREIRA XAVIER  RUA OLIVIO MAGALHAES, 55                PQ. LEOPOLDI   28073210CAMPOS DOS GOYTRJ0000000000000000                                        00030597400000019655   12345678
0010001300135R 01000000000000000000000000000000000000000000000000000000000000000000000000                                                                                          000000000000000000000000000000000000 000000000000  0000000000
0010001300136P 010000510000002827271 30597400000019656   111111922022/12/07  0805202300000000005921300000 02N181020220000000000000000000000000000000000000000000000000000000000000000000000000000001922022/12               00020000900198471441
0010001300137Q 011000011456476777CARLOS DANILLO PESSANHA MOREIRA XAVIER  RUA OLIVIO MAGALHAES, 55                PQ. LEOPOLDI   28073210CAMPOS DOS GOYTRJ0000000000000000                                        00030597400000019656   12345678
0010001300138R 01000000000000000000000000000000000000000000000000000000000000000000000000                                                                                          000000000000000000000000000000000000 000000000000  0000000000
0010001300139P 010000510000002827271 30597400000019657   111111922022/12/08  0806202300000000005921300000 02N181020220000000000000000000000000000000000000000000000000000000000000000000000000000001922022/12               00020000900198471441
0010001300140Q 011000011456476777CARLOS DANILLO PESSANHA MOREIRA XAVIER  RUA OLIVIO MAGALHAES, 55                PQ. LEOPOLDI   28073210CAMPOS DOS GOYTRJ0000000000000000                                        00030597400000019657   12345678
0010001300141R 01000000000000000000000000000000000000000000000000000000000000000000000000                                                                                          000000000000000000000000000000000000 000000000000  0000000000
0010001300142P 010000510000002827271 30597400000019658   111111922022/12/09  0807202300000000005921300000 02N181020220000000000000000000000000000000000000000000000000000000000000000000000000000001922022/12               00020000900198471441
0010001300143Q 011000011456476777CARLOS DANILLO PESSANHA MOREIRA XAVIER  RUA OLIVIO MAGALHAES, 55                PQ. LEOPOLDI   28073210CAMPOS DOS GOYTRJ0000000000000000                                        00030597400000019658   12345678
0010001300144R 01000000000000000000000000000000000000000000000000000000000000000000000000                                                                                          000000000000000000000000000000000000 000000000000  0000000000
0010001300145P 010000510000002827271 30597400000019659   111111922022/12/10  0808202300000000005921300000 02N181020220000000000000000000000000000000000000000000000000000000000000000000000000000001922022/12               00020000900198471441
0010001300146Q 011000011456476777CARLOS DANILLO PESSANHA MOREIRA XAVIER  RUA OLIVIO MAGALHAES, 55                PQ. LEOPOLDI   28073210CAMPOS DOS GOYTRJ0000000000000000                                        00030597400000019659   12345678
0010001300147R 01000000000000000000000000000000000000000000000000000000000000000000000000                                                                                          000000000000000000000000000000000000 000000000000  0000000000
0010001300148P 010000510000002827271 30597400000019660   111111922022/12/11  0809202300000000005921300000 02N181020220000000000000000000000000000000000000000000000000000000000000000000000000000001922022/12               00020000900198471441
0010001300149Q 011000011456476777CARLOS DANILLO PESSANHA MOREIRA XAVIER  RUA OLIVIO MAGALHAES, 55                PQ. LEOPOLDI   28073210CAMPOS DOS GOYTRJ0000000000000000                                        00030597400000019660   12345678
0010001300150R 01000000000000000000000000000000000000000000000000000000000000000000000000                                                                                          000000000000000000000000000000000000 000000000000  0000000000
0010001300151P 010000510000002827271 30597400000019661   111111922022/12/12  0810202300000000005921300000 02N181020220000000000000000000000000000000000000000000000000000000000000000000000000000001922022/12               00020000900198471441
0010001300152Q 011000011456476777CARLOS DANILLO PESSANHA MOREIRA XAVIER  RUA OLIVIO MAGALHAES, 55                PQ. LEOPOLDI   28073210CAMPOS DOS GOYTRJ0000000000000000                                        00030597400000019661   12345678
0010001300153R 01000000000000000000000000000000000000000000000000000000000000000000000000                                                                                          000000000000000000000000000000000000 000000000000  0000000000
0010001300154P 010000510000002827271 30597400000019662   111111922022/12/13  0811202300000000005921300000 02N181020220000000000000000000000000000000000000000000000000000000000000000000000000000001922022/12               00020000900198471441
0010001300155Q 011000011456476777CARLOS DANILLO PESSANHA MOREIRA XAVIER  RUA OLIVIO MAGALHAES, 55                PQ. LEOPOLDI   28073210CAMPOS DOS GOYTRJ0000000000000000                                        00030597400000019662   12345678
0010001300156R 01000000000000000000000000000000000000000000000000000000000000000000000000                                                                                          000000000000000000000000000000000000 000000000000  0000000000
0010001300157P 010000510000002827271 30597400000019663   111111922022/12/14  0812202300000000005921300000 02N181020220000000000000000000000000000000000000000000000000000000000000000000000000000001922022/12               00020000900198471441
0010001300158Q 011000011456476777CARLOS DANILLO PESSANHA MOREIRA XAVIER  RUA OLIVIO MAGALHAES, 55                PQ. LEOPOLDI   28073210CAMPOS DOS GOYTRJ0000000000000000                                        00030597400000019663   12345678
0010001300159R 01000000000000000000000000000000000000000000000000000000000000000000000000                                                                                          000000000000000000000000000000000000 000000000000  0000000000
0010001300160P 010000510000002827271 30597400000019664   111111922022/12/15  0801202400000000005921300000 02N181020220000000000000000000000000000000000000000000000000000000000000000000000000000001922022/12               00020000900198471441
0010001300161Q 011000011456476777CARLOS DANILLO PESSANHA MOREIRA XAVIER  RUA OLIVIO MAGALHAES, 55                PQ. LEOPOLDI   28073210CAMPOS DOS GOYTRJ0000000000000000                                        00030597400000019664   12345678
0010001300162R 01000000000000000000000000000000000000000000000000000000000000000000000000                                                                                          000000000000000000000000000000000000 000000000000  0000000000
0010001300163P 010000510000002827271 30597400000019665   111111922022/12/16  0802202400000000005921300000 02N181020220000000000000000000000000000000000000000000000000000000000000000000000000000001922022/12               00020000900198471441
0010001300164Q 011000011456476777CARLOS DANILLO PESSANHA MOREIRA XAVIER  RUA OLIVIO MAGALHAES, 55                PQ. LEOPOLDI   28073210CAMPOS DOS GOYTRJ0000000000000000                                        00030597400000019665   12345678
0010001300165R 01000000000000000000000000000000000000000000000000000000000000000000000000                                                                                          000000000000000000000000000000000000 000000000000  0000000000
0010001300166P 010000510000002827271 30597400000019666   111111922022/12/17  0803202400000000005921300000 02N181020220000000000000000000000000000000000000000000000000000000000000000000000000000001922022/12               00020000900198471441
0010001300167Q 011000011456476777CARLOS DANILLO PESSANHA MOREIRA XAVIER  RUA OLIVIO MAGALHAES, 55                PQ. LEOPOLDI   28073210CAMPOS DOS GOYTRJ0000000000000000                                        00030597400000019666   12345678
0010001300168R 01000000000000000000000000000000000000000000000000000000000000000000000000                                                                                          000000000000000000000000000000000000 000000000000  0000000000
0010001300169P 010000510000002827271 30597400000019667   111111922022/12/18  0804202400000000005921300000 02N181020220000000000000000000000000000000000000000000000000000000000000000000000000000001922022/12               00020000900198471441
0010001300170Q 011000011456476777CARLOS DANILLO PESSANHA MOREIRA XAVIER  RUA OLIVIO MAGALHAES, 55                PQ. LEOPOLDI   28073210CAMPOS DOS GOYTRJ0000000000000000                                        00030597400000019667   12345678
0010001300171R 01000000000000000000000000000000000000000000000000000000000000000000000000                                                                                          000000000000000000000000000000000000 000000000000  0000000000
0010001300172P 010000510000002827271 30597400000019689   111112012022/16/01  0811202200000000005921300000 02N181020220000000000000000000000000000000000000000000000000000000000000000000000000000002012022/16               00020000900198471441
0010001300173Q 011000010283489758EDIONES FERRAMENTA RANGEL               AV. 28 DE MARCO, 130                    CENTRO         28020740CAMPOS DOS GOYTRJ0000000000000000                                        00030597400000019689   12345678
0010001300174R 01000000000000000000000000000000000000000000000000000000000000000000000000                                                                                          000000000000000000000000000000000000 000000000000  0000000000
0010001300175P 010000510000002827271 30597400000019690   111112012022/16/02  0812202200000000005921300000 02N181020220000000000000000000000000000000000000000000000000000000000000000000000000000002012022/16               00020000900198471441
0010001300176Q 011000010283489758EDIONES FERRAMENTA RANGEL               AV. 28 DE MARCO, 130                    CENTRO         28020740CAMPOS DOS GOYTRJ0000000000000000                                        00030597400000019690   12345678
0010001300177R 01000000000000000000000000000000000000000000000000000000000000000000000000                                                                                          000000000000000000000000000000000000 000000000000  0000000000
0010001300178P 010000510000002827271 30597400000019691   111112012022/16/03  0801202300000000005921300000 02N181020220000000000000000000000000000000000000000000000000000000000000000000000000000002012022/16               00020000900198471441
0010001300179Q 011000010283489758EDIONES FERRAMENTA RANGEL               AV. 28 DE MARCO, 130                    CENTRO         28020740CAMPOS DOS GOYTRJ0000000000000000                                        00030597400000019691   12345678
0010001300180R 01000000000000000000000000000000000000000000000000000000000000000000000000                                                                                          000000000000000000000000000000000000 000000000000  0000000000
0010001300181P 010000510000002827271 30597400000019692   111112012022/16/04  0802202300000000005921300000 02N181020220000000000000000000000000000000000000000000000000000000000000000000000000000002012022/16               00020000900198471441
0010001300182Q 011000010283489758EDIONES FERRAMENTA RANGEL               AV. 28 DE MARCO, 130                    CENTRO         28020740CAMPOS DOS GOYTRJ0000000000000000                                        00030597400000019692   12345678
0010001300183R 01000000000000000000000000000000000000000000000000000000000000000000000000                                                                                          000000000000000000000000000000000000 000000000000  0000000000
0010001300184P 010000510000002827271 30597400000019693   111112012022/16/05  0803202300000000005921300000 02N181020220000000000000000000000000000000000000000000000000000000000000000000000000000002012022/16               00020000900198471441
0010001300185Q 011000010283489758EDIONES FERRAMENTA RANGEL               AV. 28 DE MARCO, 130                    CENTRO         28020740CAMPOS DOS GOYTRJ0000000000000000                                        00030597400000019693   12345678
0010001300186R 01000000000000000000000000000000000000000000000000000000000000000000000000                                                                                          000000000000000000000000000000000000 000000000000  0000000000
0010001300187P 010000510000002827271 30597400000019694   111112012022/16/06  0804202300000000005921300000 02N181020220000000000000000000000000000000000000000000000000000000000000000000000000000002012022/16               00020000900198471441
0010001300188Q 011000010283489758EDIONES FERRAMENTA RANGEL               AV. 28 DE MARCO, 130                    CENTRO         28020740CAMPOS DOS GOYTRJ0000000000000000                                        00030597400000019694   12345678
0010001300189R 01000000000000000000000000000000000000000000000000000000000000000000000000                                                                                          000000000000000000000000000000000000 000000000000  0000000000
0010001300190P 010000510000002827271 30597400000019695   111112012022/16/07  0805202300000000005921300000 02N181020220000000000000000000000000000000000000000000000000000000000000000000000000000002012022/16               00020000900198471441
0010001300191Q 011000010283489758EDIONES FERRAMENTA RANGEL               AV. 28 DE MARCO, 130                    CENTRO         28020740CAMPOS DOS GOYTRJ0000000000000000                                        00030597400000019695   12345678
0010001300192R 01000000000000000000000000000000000000000000000000000000000000000000000000                                                                                          000000000000000000000000000000000000 000000000000  0000000000
0010001300193P 010000510000002827271 30597400000019696   111112012022/16/08  0806202300000000005921300000 02N181020220000000000000000000000000000000000000000000000000000000000000000000000000000002012022/16               00020000900198471441
0010001300194Q 011000010283489758EDIONES FERRAMENTA RANGEL               AV. 28 DE MARCO, 130                    CENTRO         28020740CAMPOS DOS GOYTRJ0000000000000000                                        00030597400000019696   12345678
0010001300195R 01000000000000000000000000000000000000000000000000000000000000000000000000                                                                                          000000000000000000000000000000000000 000000000000  0000000000
0010001300196P 010000510000002827271 30597400000019697   111112012022/16/09  0807202300000000005921300000 02N181020220000000000000000000000000000000000000000000000000000000000000000000000000000002012022/16               00020000900198471441
0010001300197Q 011000010283489758EDIONES FERRAMENTA RANGEL               AV. 28 DE MARCO, 130                    CENTRO         28020740CAMPOS DOS GOYTRJ0000000000000000                                        00030597400000019697   12345678
0010001300198R 01000000000000000000000000000000000000000000000000000000000000000000000000                                                                                          000000000000000000000000000000000000 000000000000  0000000000
0010001300199P 010000510000002827271 30597400000019698   111112012022/16/10  0808202300000000005921300000 02N181020220000000000000000000000000000000000000000000000000000000000000000000000000000002012022/16               00020000900198471441
0010001300200Q 011000010283489758EDIONES FERRAMENTA RANGEL               AV. 28 DE MARCO, 130                    CENTRO         28020740CAMPOS DOS GOYTRJ0000000000000000                                        00030597400000019698   12345678
0010001300201R 01000000000000000000000000000000000000000000000000000000000000000000000000                                                                                          000000000000000000000000000000000000 000000000000  0000000000
0010001300202P 010000510000002827271 30597400000019699   111112012022/16/11  0809202300000000005921300000 02N181020220000000000000000000000000000000000000000000000000000000000000000000000000000002012022/16               00020000900198471441
0010001300203Q 011000010283489758EDIONES FERRAMENTA RANGEL               AV. 28 DE MARCO, 130                    CENTRO         28020740CAMPOS DOS GOYTRJ0000000000000000                                        00030597400000019699   12345678
0010001300204R 01000000000000000000000000000000000000000000000000000000000000000000000000                                                                                          000000000000000000000000000000000000 000000000000  0000000000
0010001300205P 010000510000002827271 30597400000019700   111112012022/16/12  0810202300000000005921300000 02N181020220000000000000000000000000000000000000000000000000000000000000000000000000000002012022/16               00020000900198471441
0010001300206Q 011000010283489758EDIONES FERRAMENTA RANGEL               AV. 28 DE MARCO, 130                    CENTRO         28020740CAMPOS DOS GOYTRJ0000000000000000                                        00030597400000019700   12345678
0010001300207R 01000000000000000000000000000000000000000000000000000000000000000000000000                                                                                          000000000000000000000000000000000000 000000000000  0000000000
0010001300208P 010000510000002827271 30597400000019701   111112012022/16/13  0811202300000000005921300000 02N181020220000000000000000000000000000000000000000000000000000000000000000000000000000002012022/16               00020000900198471441
0010001300209Q 011000010283489758EDIONES FERRAMENTA RANGEL               AV. 28 DE MARCO, 130                    CENTRO         28020740CAMPOS DOS GOYTRJ0000000000000000                                        00030597400000019701   12345678
0010001300210R 01000000000000000000000000000000000000000000000000000000000000000000000000                                                                                          000000000000000000000000000000000000 000000000000  0000000000
0010001300211P 010000510000002827271 30597400000019702   111112012022/16/14  0812202300000000005921300000 02N181020220000000000000000000000000000000000000000000000000000000000000000000000000000002012022/16               00020000900198471441
0010001300212Q 011000010283489758EDIONES FERRAMENTA RANGEL               AV. 28 DE MARCO, 130                    CENTRO         28020740CAMPOS DOS GOYTRJ0000000000000000                                        00030597400000019702   12345678
0010001300213R 01000000000000000000000000000000000000000000000000000000000000000000000000                                                                                          000000000000000000000000000000000000 000000000000  0000000000
0010001300214P 010000510000002827271 30597400000019703   111112012022/16/15  0801202400000000005921300000 02N181020220000000000000000000000000000000000000000000000000000000000000000000000000000002012022/16               00020000900198471441
0010001300215Q 011000010283489758EDIONES FERRAMENTA RANGEL               AV. 28 DE MARCO, 130                    CENTRO         28020740CAMPOS DOS GOYTRJ0000000000000000                                        00030597400000019703   12345678
0010001300216R 01000000000000000000000000000000000000000000000000000000000000000000000000                                                                                          000000000000000000000000000000000000 000000000000  0000000000
0010001300217P 010000510000002827271 30597400000019704   111112012022/16/16  0802202400000000005921300000 02N181020220000000000000000000000000000000000000000000000000000000000000000000000000000002012022/16               00020000900198471441
0010001300218Q 011000010283489758EDIONES FERRAMENTA RANGEL               AV. 28 DE MARCO, 130                    CENTRO         28020740CAMPOS DOS GOYTRJ0000000000000000                                        00030597400000019704   12345678
0010001300219R 01000000000000000000000000000000000000000000000000000000000000000000000000                                                                                          000000000000000000000000000000000000 000000000000  0000000000
0010001300220P 010000510000002827271 30597400000019705   111112012022/16/17  0803202400000000005921300000 02N181020220000000000000000000000000000000000000000000000000000000000000000000000000000002012022/16               00020000900198471441
0010001300221Q 011000010283489758EDIONES FERRAMENTA RANGEL               AV. 28 DE MARCO, 130                    CENTRO         28020740CAMPOS DOS GOYTRJ0000000000000000                                        00030597400000019705   12345678
0010001300222R 01000000000000000000000000000000000000000000000000000000000000000000000000                                                                                          000000000000000000000000000000000000 000000000000  0000000000
0010001300223P 010000510000002827271 30597400000019706   111112012022/16/18  0804202400000000005921300000 02N181020220000000000000000000000000000000000000000000000000000000000000000000000000000002012022/16               00020000900198471441
0010001300224Q 011000010283489758EDIONES FERRAMENTA RANGEL               AV. 28 DE MARCO, 130                    CENTRO         28020740CAMPOS DOS GOYTRJ0000000000000000                                        00030597400000019706   12345678
0010001300225R 01000000000000000000000000000000000000000000000000000000000000000000000000                                                                                          000000000000000000000000000000000000 000000000000  0000000000
0010001300226P 010000510000002827271 30597400000019707   111112022022/15/01  0811202200000000005921300000 02N181020220000000000000000000000000000000000000000000000000000000000000000000000000000002022022/15               00020000900198471441
0010001300227Q 011000003057678793LUIZ FERNANDO MACHADO DOS SANTOS        AV. CARLOS ALBERTO CHEBABE, 1353        PQ. SAO MATE   28073507CAMPOS DOS GOYTRJ0000000000000000                                        00030597400000019707   12345678
0010001300228R 01000000000000000000000000000000000000000000000000000000000000000000000000                                                                                          000000000000000000000000000000000000 000000000000  0000000000
0010001300229P 010000510000002827271 30597400000019708   111112022022/15/02  0812202200000000005921300000 02N181020220000000000000000000000000000000000000000000000000000000000000000000000000000002022022/15               00020000900198471441
0010001300230Q 011000003057678793LUIZ FERNANDO MACHADO DOS SANTOS        AV. CARLOS ALBERTO CHEBABE, 1353        PQ. SAO MATE   28073507CAMPOS DOS GOYTRJ0000000000000000                                        00030597400000019708   12345678
0010001300231R 01000000000000000000000000000000000000000000000000000000000000000000000000                                                                                          000000000000000000000000000000000000 000000000000  0000000000
0010001300232P 010000510000002827271 30597400000019709   111112022022/15/03  0801202300000000005921300000 02N181020220000000000000000000000000000000000000000000000000000000000000000000000000000002022022/15               00020000900198471441
0010001300233Q 011000003057678793LUIZ FERNANDO MACHADO DOS SANTOS        AV. CARLOS ALBERTO CHEBABE, 1353        PQ. SAO MATE   28073507CAMPOS DOS GOYTRJ0000000000000000                                        00030597400000019709   12345678
0010001300234R 01000000000000000000000000000000000000000000000000000000000000000000000000                                                                                          000000000000000000000000000000000000 000000000000  0000000000
0010001300235P 010000510000002827271 30597400000019710   111112022022/15/04  0802202300000000005921300000 02N181020220000000000000000000000000000000000000000000000000000000000000000000000000000002022022/15               00020000900198471441
0010001300236Q 011000003057678793LUIZ FERNANDO MACHADO DOS SANTOS        AV. CARLOS ALBERTO CHEBABE, 1353        PQ. SAO MATE   28073507CAMPOS DOS GOYTRJ0000000000000000                                        00030597400000019710   12345678
0010001300237R 01000000000000000000000000000000000000000000000000000000000000000000000000                                                                                          000000000000000000000000000000000000 000000000000  0000000000
0010001300238P 010000510000002827271 30597400000019711   111112022022/15/05  0803202300000000005921300000 02N181020220000000000000000000000000000000000000000000000000000000000000000000000000000002022022/15               00020000900198471441
0010001300239Q 011000003057678793LUIZ FERNANDO MACHADO DOS SANTOS        AV. CARLOS ALBERTO CHEBABE, 1353        PQ. SAO MATE   28073507CAMPOS DOS GOYTRJ0000000000000000                                        00030597400000019711   12345678
0010001300240R 01000000000000000000000000000000000000000000000000000000000000000000000000                                                                                          000000000000000000000000000000000000 000000000000  0000000000
0010001300241P 010000510000002827271 30597400000019712   111112022022/15/06  0804202300000000005921300000 02N181020220000000000000000000000000000000000000000000000000000000000000000000000000000002022022/15               00020000900198471441
0010001300242Q 011000003057678793LUIZ FERNANDO MACHADO DOS SANTOS        AV. CARLOS ALBERTO CHEBABE, 1353        PQ. SAO MATE   28073507CAMPOS DOS GOYTRJ0000000000000000                                        00030597400000019712   12345678
0010001300243R 01000000000000000000000000000000000000000000000000000000000000000000000000                                                                                          000000000000000000000000000000000000 000000000000  0000000000
0010001300244P 010000510000002827271 30597400000019713   111112022022/15/07  0805202300000000005921300000 02N181020220000000000000000000000000000000000000000000000000000000000000000000000000000002022022/15               00020000900198471441
0010001300245Q 011000003057678793LUIZ FERNANDO MACHADO DOS SANTOS        AV. CARLOS ALBERTO CHEBABE, 1353        PQ. SAO MATE   28073507CAMPOS DOS GOYTRJ0000000000000000                                        00030597400000019713   12345678
0010001300246R 01000000000000000000000000000000000000000000000000000000000000000000000000                                                                                          000000000000000000000000000000000000 000000000000  0000000000
0010001300247P 010000510000002827271 30597400000019714   111112022022/15/08  0806202300000000005921300000 02N181020220000000000000000000000000000000000000000000000000000000000000000000000000000002022022/15               00020000900198471441
0010001300248Q 011000003057678793LUIZ FERNANDO MACHADO DOS SANTOS        AV. CARLOS ALBERTO CHEBABE, 1353        PQ. SAO MATE   28073507CAMPOS DOS GOYTRJ0000000000000000                                        00030597400000019714   12345678
0010001300249R 01000000000000000000000000000000000000000000000000000000000000000000000000                                                                                          000000000000000000000000000000000000 000000000000  0000000000
0010001300250P 010000510000002827271 30597400000019715   111112022022/15/09  0807202300000000005921300000 02N181020220000000000000000000000000000000000000000000000000000000000000000000000000000002022022/15               00020000900198471441
0010001300251Q 011000003057678793LUIZ FERNANDO MACHADO DOS SANTOS        AV. CARLOS ALBERTO CHEBABE, 1353        PQ. SAO MATE   28073507CAMPOS DOS GOYTRJ0000000000000000                                        00030597400000019715   12345678
0010001300252R 01000000000000000000000000000000000000000000000000000000000000000000000000                                                                                          000000000000000000000000000000000000 000000000000  0000000000
0010001300253P 010000510000002827271 30597400000019716   111112022022/15/10  0808202300000000005921300000 02N181020220000000000000000000000000000000000000000000000000000000000000000000000000000002022022/15               00020000900198471441
0010001300254Q 011000003057678793LUIZ FERNANDO MACHADO DOS SANTOS        AV. CARLOS ALBERTO CHEBABE, 1353        PQ. SAO MATE   28073507CAMPOS DOS GOYTRJ0000000000000000                                        00030597400000019716   12345678
0010001300255R 01000000000000000000000000000000000000000000000000000000000000000000000000                                                                                          000000000000000000000000000000000000 000000000000  0000000000
0010001300256P 010000510000002827271 30597400000019717   111112022022/15/11  0809202300000000005921300000 02N181020220000000000000000000000000000000000000000000000000000000000000000000000000000002022022/15               00020000900198471441
0010001300257Q 011000003057678793LUIZ FERNANDO MACHADO DOS SANTOS        AV. CARLOS ALBERTO CHEBABE, 1353        PQ. SAO MATE   28073507CAMPOS DOS GOYTRJ0000000000000000                                        00030597400000019717   12345678
0010001300258R 01000000000000000000000000000000000000000000000000000000000000000000000000                                                                                          000000000000000000000000000000000000 000000000000  0000000000
0010001300259P 010000510000002827271 30597400000019718   111112022022/15/12  0810202300000000005921300000 02N181020220000000000000000000000000000000000000000000000000000000000000000000000000000002022022/15               00020000900198471441
0010001300260Q 011000003057678793LUIZ FERNANDO MACHADO DOS SANTOS        AV. CARLOS ALBERTO CHEBABE, 1353        PQ. SAO MATE   28073507CAMPOS DOS GOYTRJ0000000000000000                                        00030597400000019718   12345678
0010001300261R 01000000000000000000000000000000000000000000000000000000000000000000000000                                                                                          000000000000000000000000000000000000 000000000000  0000000000
0010001300262P 010000510000002827271 30597400000019719   111112022022/15/13  0811202300000000005921300000 02N181020220000000000000000000000000000000000000000000000000000000000000000000000000000002022022/15               00020000900198471441
0010001300263Q 011000003057678793LUIZ FERNANDO MACHADO DOS SANTOS        AV. CARLOS ALBERTO CHEBABE, 1353        PQ. SAO MATE   28073507CAMPOS DOS GOYTRJ0000000000000000                                        00030597400000019719   12345678
0010001300264R 01000000000000000000000000000000000000000000000000000000000000000000000000                                                                                          000000000000000000000000000000000000 000000000000  0000000000
0010001300265P 010000510000002827271 30597400000019720   111112022022/15/14  0812202300000000005921300000 02N181020220000000000000000000000000000000000000000000000000000000000000000000000000000002022022/15               00020000900198471441
0010001300266Q 011000003057678793LUIZ FERNANDO MACHADO DOS SANTOS        AV. CARLOS ALBERTO CHEBABE, 1353        PQ. SAO MATE   28073507CAMPOS DOS GOYTRJ0000000000000000                                        00030597400000019720   12345678
0010001300267R 01000000000000000000000000000000000000000000000000000000000000000000000000                                                                                          000000000000000000000000000000000000 000000000000  0000000000
0010001300268P 010000510000002827271 30597400000019721   111112022022/15/15  0801202400000000005921300000 02N181020220000000000000000000000000000000000000000000000000000000000000000000000000000002022022/15               00020000900198471441
0010001300269Q 011000003057678793LUIZ FERNANDO MACHADO DOS SANTOS        AV. CARLOS ALBERTO CHEBABE, 1353        PQ. SAO MATE   28073507CAMPOS DOS GOYTRJ0000000000000000                                        00030597400000019721   12345678
0010001300270R 01000000000000000000000000000000000000000000000000000000000000000000000000                                                                                          000000000000000000000000000000000000 000000000000  0000000000
0010001300271P 010000510000002827271 30597400000019722   111112022022/15/16  0802202400000000005921300000 02N181020220000000000000000000000000000000000000000000000000000000000000000000000000000002022022/15               00020000900198471441
0010001300272Q 011000003057678793LUIZ FERNANDO MACHADO DOS SANTOS        AV. CARLOS ALBERTO CHEBABE, 1353        PQ. SAO MATE   28073507CAMPOS DOS GOYTRJ0000000000000000                                        00030597400000019722   12345678
0010001300273R 01000000000000000000000000000000000000000000000000000000000000000000000000                                                                                          000000000000000000000000000000000000 000000000000  0000000000
0010001300274P 010000510000002827271 30597400000019723   111112022022/15/17  0803202400000000005921300000 02N181020220000000000000000000000000000000000000000000000000000000000000000000000000000002022022/15               00020000900198471441
0010001300275Q 011000003057678793LUIZ FERNANDO MACHADO DOS SANTOS        AV. CARLOS ALBERTO CHEBABE, 1353        PQ. SAO MATE   28073507CAMPOS DOS GOYTRJ0000000000000000                                        00030597400000019723   12345678
0010001300276R 01000000000000000000000000000000000000000000000000000000000000000000000000                                                                                          000000000000000000000000000000000000 000000000000  0000000000
0010001300277P 010000510000002827271 30597400000019724   111112022022/15/18  0804202400000000005921300000 02N181020220000000000000000000000000000000000000000000000000000000000000000000000000000002022022/15               00020000900198471441
0010001300278Q 011000003057678793LUIZ FERNANDO MACHADO DOS SANTOS        AV. CARLOS ALBERTO CHEBABE, 1353        PQ. SAO MATE   28073507CAMPOS DOS GOYTRJ0000000000000000                                        00030597400000019724   12345678
0010001300279R 01000000000000000000000000000000000000000000000000000000000000000000000000                                                                                          000000000000000000000000000000000000 000000000000  0000000000
0010001300280P 010000510000002827271 30597400000019629   11111207/2021R/01   0111202200000000002690500000 02N18102022000000000000000000000000000000000000000000000000000000000000000000000000000000                         00020000900198471442
0010001300281Q 011000010183336739VINICIOS FRANCISCO DOS SANTOS SOUZA     TRAVESSA JOSE HENRIQUE DE SOUZA, 24     STO ANTONIO    28022083CMPS GOYTACAZESRJ0000000000000000                                        00030597400000019629   12345678
0010001300282R 01000000000000000000000000000000000000000000000000000000000000000000000000                                                                                          000000000000000000000000000000000000 000000000000  0000000000
0010001300283P 010000510000002827271 30597400000019630   11111207/2021R/02   0112202200000000002690500000 02N18102022000000000000000000000000000000000000000000000000000000000000000000000000000000                         00020000900198471442
0010001300284Q 011000010183336739VINICIOS FRANCISCO DOS SANTOS SOUZA     TRAVESSA JOSE HENRIQUE DE SOUZA, 24     STO ANTONIO    28022083CMPS GOYTACAZESRJ0000000000000000                                        00030597400000019630   12345678
0010001300285R 01000000000000000000000000000000000000000000000000000000000000000000000000                                                                                          000000000000000000000000000000000000 000000000000  0000000000
0010001300286P 010000510000002827271 30597400000019631   11111207/2021R/03   0101202300000000002690500000 02N18102022000000000000000000000000000000000000000000000000000000000000000000000000000000                         00020000900198471442
0010001300287Q 011000010183336739VINICIOS FRANCISCO DOS SANTOS SOUZA     TRAVESSA JOSE HENRIQUE DE SOUZA, 24     STO ANTONIO    28022083CMPS GOYTACAZESRJ0000000000000000                                        00030597400000019631   12345678
0010001300288R 01000000000000000000000000000000000000000000000000000000000000000000000000                                                                                          000000000000000000000000000000000000 000000000000  0000000000
0010001300289P 010000510000002827271 30597400000019632   11111207/2021R/04   0102202300000000002690500000 02N18102022000000000000000000000000000000000000000000000000000000000000000000000000000000                         00020000900198471442
0010001300290Q 011000010183336739VINICIOS FRANCISCO DOS SANTOS SOUZA     TRAVESSA JOSE HENRIQUE DE SOUZA, 24     STO ANTONIO    28022083CMPS GOYTACAZESRJ0000000000000000                                        00030597400000019632   12345678
0010001300291R 01000000000000000000000000000000000000000000000000000000000000000000000000                                                                                          000000000000000000000000000000000000 000000000000  0000000000
0010001300292P 010000510000002827271 30597400000019633   11111207/2021R/05   0103202300000000002690500000 02N18102022000000000000000000000000000000000000000000000000000000000000000000000000000000                         00020000900198471442
0010001300293Q 011000010183336739VINICIOS FRANCISCO DOS SANTOS SOUZA     TRAVESSA JOSE HENRIQUE DE SOUZA, 24     STO ANTONIO    28022083CMPS GOYTACAZESRJ0000000000000000                                        00030597400000019633   12345678
0010001300294R 01000000000000000000000000000000000000000000000000000000000000000000000000                                                                                          000000000000000000000000000000000000 000000000000  0000000000
0010001300295P 010000510000002827271 30597400000019634   11111207/2021R/06   0104202300000000002690500000 02N18102022000000000000000000000000000000000000000000000000000000000000000000000000000000                         00020000900198471442
0010001300296Q 011000010183336739VINICIOS FRANCISCO DOS SANTOS SOUZA     TRAVESSA JOSE HENRIQUE DE SOUZA, 24     STO ANTONIO    28022083CMPS GOYTACAZESRJ0000000000000000                                        00030597400000019634   12345678
0010001300297R 01000000000000000000000000000000000000000000000000000000000000000000000000                                                                                          000000000000000000000000000000000000 000000000000  0000000000
0010001300298P 010000510000002827271 30597400000019635   11111207/2021R/07   0105202300000000002690500000 02N18102022000000000000000000000000000000000000000000000000000000000000000000000000000000                         00020000900198471442
0010001300299Q 011000010183336739VINICIOS FRANCISCO DOS SANTOS SOUZA     TRAVESSA JOSE HENRIQUE DE SOUZA, 24     STO ANTONIO    28022083CMPS GOYTACAZESRJ0000000000000000                                        00030597400000019635   12345678
0010001300300R 01000000000000000000000000000000000000000000000000000000000000000000000000                                                                                          000000000000000000000000000000000000 000000000000  0000000000
0010001300301P 010000510000002827271 30597400000019636   11111207/2021R/08   0106202300000000002690500000 02N18102022000000000000000000000000000000000000000000000000000000000000000000000000000000                         00020000900198471442
0010001300302Q 011000010183336739VINICIOS FRANCISCO DOS SANTOS SOUZA     TRAVESSA JOSE HENRIQUE DE SOUZA, 24     STO ANTONIO    28022083CMPS GOYTACAZESRJ0000000000000000                                        00030597400000019636   12345678
0010001300303R 01000000000000000000000000000000000000000000000000000000000000000000000000                                                                                          000000000000000000000000000000000000 000000000000  0000000000
0010001300304P 010000510000002827271 30597400000019637   11111207/2021R/09   0107202300000000002690500000 02N18102022000000000000000000000000000000000000000000000000000000000000000000000000000000                         00020000900198471442
0010001300305Q 011000010183336739VINICIOS FRANCISCO DOS SANTOS SOUZA     TRAVESSA JOSE HENRIQUE DE SOUZA, 24     STO ANTONIO    28022083CMPS GOYTACAZESRJ0000000000000000                                        00030597400000019637   12345678
0010001300306R 01000000000000000000000000000000000000000000000000000000000000000000000000                                                                                          000000000000000000000000000000000000 000000000000  0000000000
0010001300307P 010000510000002827271 30597400000019638   11111207/2021R/10   0108202300000000002690500000 02N18102022000000000000000000000000000000000000000000000000000000000000000000000000000000                         00020000900198471442
0010001300308Q 011000010183336739VINICIOS FRANCISCO DOS SANTOS SOUZA     TRAVESSA JOSE HENRIQUE DE SOUZA, 24     STO ANTONIO    28022083CMPS GOYTACAZESRJ0000000000000000                                        00030597400000019638   12345678
0010001300309R 01000000000000000000000000000000000000000000000000000000000000000000000000                                                                                          000000000000000000000000000000000000 000000000000  0000000000
0010001300310P 010000510000002827271 30597400000019639   11111207/2021R/11   0109202300000000002690500000 02N18102022000000000000000000000000000000000000000000000000000000000000000000000000000000                         00020000900198471442
0010001300311Q 011000010183336739VINICIOS FRANCISCO DOS SANTOS SOUZA     TRAVESSA JOSE HENRIQUE DE SOUZA, 24     STO ANTONIO    28022083CMPS GOYTACAZESRJ0000000000000000                                        00030597400000019639   12345678
0010001300312R 01000000000000000000000000000000000000000000000000000000000000000000000000                                                                                          000000000000000000000000000000000000 000000000000  0000000000
0010001300313P 010000510000002827271 30597400000019640   11111207/2021R/12   0110202300000000002690500000 02N18102022000000000000000000000000000000000000000000000000000000000000000000000000000000                         00020000900198471442
0010001300314Q 011000010183336739VINICIOS FRANCISCO DOS SANTOS SOUZA     TRAVESSA JOSE HENRIQUE DE SOUZA, 24     STO ANTONIO    28022083CMPS GOYTACAZESRJ0000000000000000                                        00030597400000019640   12345678
0010001300315R 01000000000000000000000000000000000000000000000000000000000000000000000000                                                                                          000000000000000000000000000000000000 000000000000  0000000000
0010001300316P 010000510000002827271 30597400000019641   11111207/2021R/13   0111202300000000002690500000 02N18102022000000000000000000000000000000000000000000000000000000000000000000000000000000                         00020000900198471442
0010001300317Q 011000010183336739VINICIOS FRANCISCO DOS SANTOS SOUZA     TRAVESSA JOSE HENRIQUE DE SOUZA, 24     STO ANTONIO    28022083CMPS GOYTACAZESRJ0000000000000000                                        00030597400000019641   12345678
0010001300318R 01000000000000000000000000000000000000000000000000000000000000000000000000                                                                                          000000000000000000000000000000000000 000000000000  0000000000
0010001300319P 010000510000002827271 30597400000019642   11111207/2021R/14   0112202300000000002690500000 02N18102022000000000000000000000000000000000000000000000000000000000000000000000000000000                         00020000900198471442
0010001300320Q 011000010183336739VINICIOS FRANCISCO DOS SANTOS SOUZA     TRAVESSA JOSE HENRIQUE DE SOUZA, 24     STO ANTONIO    28022083CMPS GOYTACAZESRJ0000000000000000                                        00030597400000019642   12345678
0010001300321R 01000000000000000000000000000000000000000000000000000000000000000000000000                                                                                          000000000000000000000000000000000000 000000000000  0000000000
0010001300322P 010000510000002827271 30597400000019643   11111207/2021R/15   0101202400000000002690500000 02N18102022000000000000000000000000000000000000000000000000000000000000000000000000000000                         00020000900198471442
0010001300323Q 011000010183336739VINICIOS FRANCISCO DOS SANTOS SOUZA     TRAVESSA JOSE HENRIQUE DE SOUZA, 24     STO ANTONIO    28022083CMPS GOYTACAZESRJ0000000000000000                                        00030597400000019643   12345678
0010001300324R 01000000000000000000000000000000000000000000000000000000000000000000000000                                                                                          000000000000000000000000000000000000 000000000000  0000000000
0010001300325P 010000510000002827271 30597400000019644   11111207/2021R/16   0102202400000000002690500000 02N18102022000000000000000000000000000000000000000000000000000000000000000000000000000000                         00020000900198471442
0010001300326Q 011000010183336739VINICIOS FRANCISCO DOS SANTOS SOUZA     TRAVESSA JOSE HENRIQUE DE SOUZA, 24     STO ANTONIO    28022083CMPS GOYTACAZESRJ0000000000000000                                        00030597400000019644   12345678
0010001300327R 01000000000000000000000000000000000000000000000000000000000000000000000000                                                                                          000000000000000000000000000000000000 000000000000  0000000000
0010001300328P 010000510000002827271 30597400000019645   11111207/2021R/17   0103202400000000002690500000 02N18102022000000000000000000000000000000000000000000000000000000000000000000000000000000                         00020000900198471442
0010001300329Q 011000010183336739VINICIOS FRANCISCO DOS SANTOS SOUZA     TRAVESSA JOSE HENRIQUE DE SOUZA, 24     STO ANTONIO    28022083CMPS GOYTACAZESRJ0000000000000000                                        00030597400000019645   12345678
0010001300330R 01000000000000000000000000000000000000000000000000000000000000000000000000                                                                                          000000000000000000000000000000000000 000000000000  0000000000
0010001300331P 010000510000002827271 30597400000019646   11111207/2021R/18   0104202400000000002690500000 02N18102022000000000000000000000000000000000000000000000000000000000000000000000000000000                         00020000900198471442
0010001300332Q 011000010183336739VINICIOS FRANCISCO DOS SANTOS SOUZA     TRAVESSA JOSE HENRIQUE DE SOUZA, 24     STO ANTONIO    28022083CMPS GOYTACAZESRJ0000000000000000                                        00030597400000019646   12345678
0010001300333R 01000000000000000000000000000000000000000000000000000000000000000000000000                                                                                          000000000000000000000000000000000000 000000000000  0000000000
0010001300334P 010000510000002827271 30597400000019647   11111207/2021R/19   0105202400000000002690500000 02N18102022000000000000000000000000000000000000000000000000000000000000000000000000000000                         00020000900198471442
0010001300335Q 011000010183336739VINICIOS FRANCISCO DOS SANTOS SOUZA     TRAVESSA JOSE HENRIQUE DE SOUZA, 24     STO ANTONIO    28022083CMPS GOYTACAZESRJ0000000000000000                                        00030597400000019647   12345678
0010001300336R 01000000000000000000000000000000000000000000000000000000000000000000000000                                                                                          000000000000000000000000000000000000 000000000000  0000000000
0010001300337P 010000510000002827271 30597400000019648   11111207/2021R/20   0106202400000000002690500000 02N18102022000000000000000000000000000000000000000000000000000000000000000000000000000000                         00020000900198471442
0010001300338Q 011000010183336739VINICIOS FRANCISCO DOS SANTOS SOUZA     TRAVESSA JOSE HENRIQUE DE SOUZA, 24     STO ANTONIO    28022083CMPS GOYTACAZESRJ0000000000000000                                        00030597400000019648   12345678
0010001300339R 01000000000000000000000000000000000000000000000000000000000000000000000000                                                                                          000000000000000000000000000000000000 000000000000  0000000000
0010001300340P 010000510000002827271 30597400000019649   11111207/2021R/21   0107202400000000002690500000 02N18102022000000000000000000000000000000000000000000000000000000000000000000000000000000                         00020000900198471442
0010001300341Q 011000010183336739VINICIOS FRANCISCO DOS SANTOS SOUZA     TRAVESSA JOSE HENRIQUE DE SOUZA, 24     STO ANTONIO    28022083CMPS GOYTACAZESRJ0000000000000000                                        00030597400000019649   12345678
0010001300342R 01000000000000000000000000000000000000000000000000000000000000000000000000                                                                                          000000000000000000000000000000000000 000000000000  0000000000
00100015         00034400000000000000000000000000000000000000000000000000000000000000000000000000000000000000000000                                                                                                                             
00199999         000001000346000000                                                                                                                                                                                                             
