00100000         221545238000172003059740001417019  0000510000002827271 FUNDO DE DESENVOLVIMENTO DE CABANCO DO BRASIL S.A.                    11403202317385400035900000000                                                                     
00100111R01  000 221545238000172003059740001417019TS0000510000002827271 FUNDO DE DESENVOLVIMENTO DE CA                                                                                000003591403202300000000                                 
0010001300001P 010000510000002827271 30597400000019989   111110000000000000000804202300000000003500000000 02N0903202310000000000000000000000000000000000000000000000000000000000000000000000000000000000000000000000000000003000000000000000000 
0010001300002Q 011000003052499750EVANDRO DIAS                            RUA DURVAL DE SOUZA, 210 - CASA         ALPHAVILLE     28024430CAMPOS DOS GOYTRJ0000000000000000                                        000                            
0010001300003R 01000000000000000000000000000000000000000000000000208042023000000000000200          FUNDECAM - FUNDO DE DESENV. DE CAMPOS   0000000000000000000000000000000000000000                    00000000000000000000000000000000         
00100015         0000050000000000000000000000000000000000000000000000000000000000000000000000000000000000000000000000000000000000000000000000000000000000000000000000000000000000000000000000000000000000000000000000000000000000000000000000000
00199999         000001000007000000                                                                                                                                                                                                             
