00100000         221545238000172                    0000510000002827271 FUNDO DE DESENVOLVIMENTO DE CABANCO DO BRASIL S.A.                    11110202214581900000008000000                                                                     
00100011R0100020 2021545238000172003059740001417019  0000510000002827271 FUNDO DE DESENVOLVIMENTO DE CA                                                                                00000308111020220000000000000000003059740        CBR30000
0010001300001P 010000510000002827271 30597400000019628   11111054/2021.      1510202200000000003483400000 02N11102022000000000000000000000000000000000000000000000000000000000000000000000000000000054/2021.                00020000900198471441
0010001300002Q 011000010356559777LEONARDO BARROS CORDEIRO MOREIRA        RUA JOAO CABRAL MELO NETO, 81           JOCKEY CLUB    28020822CAMPOS DOS GOYTRJ0000000000000000                                        00030597400000019628   12345678
0010001300003R 01000000000000000000000000000000000000000000000000000000000000000000000000                                                                                          000000000000000000000000000000000000 000000000000  0000000000
00100015         00000500000000000000000000000000000000000000000000000000000000000000000000000000000000000000000000                                                                                                                             
00199999         000001000007000000                                                                                                                                                                                                             
