00100000         2215452380001720030597400014       0000510000002827271 FUNDO DE DESENVOLVIMENTO DE CABANCO DO BRASIL                         20912202101352300200403000000516456668PROCESSAMEN                                                 
00100011T0100020 20215452380001720030597400014       0000510000002827271 FUNDO DE DESENVOLVIMENTO DE CA                                                                                000000000912202100000000  000000000                      
0010001300001T 060000510000002827271 30597400000007109   70582020/12/16  03012022000000000033859001030287                         0900000000000010060000000000000000000000000000000000000   000000000000000000000000033        170193059740     
0010001300002U 060000000000000000000000000000000000000000000000000000000000000000000000338590000000000338590000000000000000000000000000000912202110122021            000000000000000                              000                           
0010001300003T 060000510000002827271 30597400000008221   71142020/15/13  09122021000000000033859237018570                         0900000000000010100000000000000000000000000000000000000   000000000000000000000000004        170193059740     
0010001300004U 060000000000000000000000000000000000000000000000000000000000000000000000338590000000000338590000000000000000000000000000000912202110122021            000000000000000                              000                           
0010001300005T 060000510000002827271 30597400000008239   71172020/16/13  09122021000000000033859341061300                         0900000000000010100000000000000000000000000000000000000   000000000000000000000000004        170193059740     
0010001300006U 060000000000000000000000000000000000000000000000000000000000000000000000338590000000000338590000000000000000000000000000000912202110122021            000000000000000                              000                           
0010001300007T 060000510000002827271 30597400000008275   70502020/15/13  09122021000000000033859104041200                         0900000000000010100000000000000000000000000000000000000   000000000000000000000000004        170193059740     
0010001300008U 060000000000000000000000000000000000000000000000000000000000000000000000338590000000000338590000000000000000000000000000000912202110122021            000000000000000                              000                           
0010001300009T 060000510000002827271 30597400000008537   70352020/16/11  091220210000000001662330010312750352020/16               0900000000000010040000000000000000000000000000000000000   000000000000000000000000034        170193059740     
0010001300010U 060000000000000000000000000000000000000000000000000000000000000000000001662330000000001662330000000000000000000000000000000912202110122021            000000000000000                              000                           
0010001300011T 060000510000002827271 30597400000009174   71432020/16/12  081220210000000000677180330147101432020/16               0900000000000010100000000000000000000000000000000000000   000000000000000000000000004        170193059740     
0010001300012U 060000000000013760000000000000000000000000000000000000000000000000000000690940000000000690940000000000000000000000000000000912202110122021            000000000000000                              000                           
0010001300013T 060000510000002827271 30597400000009204   70922020/16A/12 091220210000000000507880010000510922020                  0900000000000010060000000000000000000000000000000000000   000000000000000000000000033        170193059740     
0010001300014U 060000000000000000000000000000000000000000000000000000000000000000000000507880000000000507880000000000000000000000000000000912202110122021            000000000000000                              000                           
0010001300015T 060000510000002827271 30597400000011483   71332021/12/04  211120210000000000338590810000101332021/12               0900000000000010100000000000000000000000000000000000000   000000000000000000000000004        170193059740     
0010001300016U 060000000000008750000000000000000000000000000000000000000000000000000000347340000000000347340000000000000000000000000000000912202110122021            000000000000000                              000                           
0010001300017T 060000510000002827271 30597400000012829   71942021/15/03  151220210000000000338590330438501942021/15               0900000000000010100000000000000000000000000000000000000   000000000000000000000000004        170193059740     
0010001300018U 060000000000000000000000000000000000000000000000000000000000000000000000338590000000000338590000000000000000000000000000000912202110122021            000000000000000                              000                           
0010001300019T 060000510000002827271 30597400000013063   71952021/5/03   151220210000000000338593410162801952021/5                0900000000000010100000000000000000000000000000000000000   000000000000000000000000004        170193059740     
0010001300020U 060000000000000000000000000000000000000000000000000000000000000000000000338590000000000338590000000000000000000000000000000912202110122021            000000000000000                              000                           
0010001300021T 060000510000002827271 30597400000013491   71362020REFIS/03081220210000000000191603410618601362020REFIS             0900000000000010100000000000000000000000000000000000000   000000000000000000000000004        170193059740     
0010001300022U 060000000000003890000000000000000000000000000000000000000000000000000000195490000000000195490000000000000000000000000000000912202110122021            000000000000000                              000                           
0010001300023T 280000510000002827271 30597400000006811   70472020/12/11  05092021000000000040732001000000                         0900000000000000000000000000000000000000000000000000000   000000000000000000000015202        170193059740     
0010001300024U 280000000000000000000000000000000000000000000000000000000000000000000000000000000000000000000000000000000000000000000000000912202100000000            000000000000000                              000                           
0010001300025T 280000510000002827271 30597400000006812   70472020/12/12  05102021000000000040732001000000                         0900000000000000000000000000000000000000000000000000000   000000000000000000000015202        170193059740     
0010001300026U 280000000000000000000000000000000000000000000000000000000000000000000000000000000000000000000000000000000000000000000000000912202100000000            000000000000000                              000                           
0010001300027T 280000510000002827271 30597400000006840   70492020/12/13  05092021000000000022573001000000                         0900000000000000000000000000000000000000000000000000000   000000000000000000000015202        170193059740     
0010001300028U 280000000000000000000000000000000000000000000000000000000000000000000000000000000000000000000000000000000000000000000000000912202100000000            000000000000000                              000                           
0010001300029T 280000510000002827271 30597400000011646   75072018/12R/03 051020210000000000544030010000005072018/12R              0900000000000000000000000000000000000000000000000000000   000000000000000000000015202        170193059740     
0010001300030U 280000000000000000000000000000000000000000000000000000000000000000000000000000000000000000000000000000000000000000000000000912202100000000            000000000000000                              000                           
00100015         000032006131000000002876160260000000000000000000000000000000000000000000000000000000000000000000000000000000000000000000000000000                                                                                              
00199999         000001000034000000                                                                                                                                                            00000000000000000000000000000                    
