00100000         2215452380001720030597400014       0000510000002827271 FUNDO DE DESENVOLVIMENTO DE CABANCO DO BRASIL                         22909202101391500190803000000516456668PROCESSAMEN                                                 
00100011T0100020 20215452380001720030597400014       0000510000002827271 FUNDO DE DESENVOLVIMENTO DE CA                                                                                000000002909202100000000  000000000                      
0010001300001T 020000510000002827271 30597400000013431   712-2020        30092021000000000072399001000051ATUALIZACAO 12-2020      0900000000000010000000000000000000000000000000000000000   0000000000000000000000250A9        170193059740     
0010001300002U 020000000000000000000000000000000000000000000000000000000000000000000000000000000000000000000000000000000000000000000000002909202100000000            000000000000000                              000                           
0010001300003T 060000510000002827271 30597400000007052   70472020/07 I/13150920210000000001219913410162800472020/07 I             0900000000000010100000000000000000000000000000000000000   000000000000000000000000004        170193059740     
0010001300004U 060000000000029990000000000000000000000000000000000000000000000000000001249900000000001249900000000000000000000000000000002909202130092021            000000000000000                              000                           
0010001300005T 060000510000002827271 30597400000009831   70282021/05/03  300920210000000000338590010000510282021/05               0900000000000010060000000000000000000000000000000000000   000000000000000000000000033        170193059740     
0010001300006U 060000000000000000000000000000000000000000000000000000000000000000000000338590000000000338590000000000000000000000000000002909202130092021            000000000000000                              000                           
0010001300007T 060000510000002827271 30597400000011957   70692021/7/02   300920210000000000338596550000100692021/7                0900000000000010100000000000000000000000000000000000000   000000000000000000000000004        170193059740     
0010001300008U 060000000000000000000000000000000000000000000000000000000000000000000000338590000000000338590000000000000000000000000000002909202130092021            000000000000000                              000                           
0010001300009T 280000510000002827271 30597400000008640   71262020/16/09  250820210000000000338590010000001262020/16               0900000000000000000000000000000000000000000000000000000   000000000000000000000015202        170193059740     
0010001300010U 280000000000000000000000000000000000000000000000000000000000000000000000000000000000000000000000000000000000000000000000002909202100000000            000000000000000                              000                           
0010001300011T 280000510000002827271 30597400000008676   71332020/15/09  250820210000000000338590010000001332020/15               0900000000000000000000000000000000000000000000000000000   000000000000000000000015202        170193059740     
0010001300012U 280000000000000000000000000000000000000000000000000000000000000000000000000000000000000000000000000000000000000000000000002909202100000000            000000000000000                              000                           
0010001300013T 280000510000002827271 30597400000008706   71362020/07/09  250820210000000000486720010000001362020/07               0900000000000000000000000000000000000000000000000000000   000000000000000000000015202        170193059740     
0010001300014U 280000000000000000000000000000000000000000000000000000000000000000000000000000000000000000000000000000000000000000000000002909202100000000            000000000000000                              000                           
00100015         000016005518000000002661205310000000000000000000000000000000000000000000000000000000000000000000000000000000000000000000000000000                                                                                              
00199999         000001000018000000                                                                                                                                                            00000000000000000000000000000                    
