00100000         2215452380001720030597400014       0000510000002827271 FUNDO DE DESENVOLVIMENTO DE CABANCO DO BRASIL                         23009202101445900191003000000516456668PROCESSAMEN                                                 
00100011T0100020 20215452380001720030597400014       0000510000002827271 FUNDO DE DESENVOLVIMENTO DE CA                                                                                000000003009202100000000  000000000                      
0010001300001T 060000510000002827271 30597400000002325   70142018/15/26  300920210000000001069737560064000142018/05               0900000000000010100000000000000000000000000000000000000   000000000000000000000000004        170193059740     
0010001300002U 060000000000000000000000000000000000000000000000000000000000000000000001069730000000001069730000000000000000000000000000003009202101102021            000000000000000                              000                           
0010001300003T 060000510000002827271 30597400000004919   70242019/12 I/20300920210000000001595942370006500242019/12 I             0900000000000010100000000000000000000000000000000000000   000000000000000000000000004        170193059740     
0010001300004U 060000000000000000000000000000000000000000000000000000000000000000000001595940000000001595940000000000000000000000000000003009202101102021            000000000000000                              000                           
0010001300005T 060000510000002827271 30597400000006326   70232020/07/14  300920210000000000267573410618600232020/07               0900000000000010100000000000000000000000000000000000000   000000000000000000000000004        170193059740     
0010001300006U 060000000000000000000000000000000000000000000000000000000000000000000000267570000000000267570000000000000000000000000000003009202101102021            000000000000000                              000                           
0010001300007T 060000510000002827271 30597400000006356   70212020/15/14  300920210000000000225727560054100212020/15               0900000000000010100000000000000000000000000000000000000   000000000000000000000000004        170193059740     
0010001300008U 060000000000000000000000000000000000000000000000000000000000000000000000225720000000000225720000000000000000000000000000003009202101102021            000000000000000                              000                           
0010001300009T 060000510000002827271 30597400000006374   70242020/15/14  300920210000000000338587560054100242020/15               0900000000000010100000000000000000000000000000000000000   000000000000000000000000004        170193059740     
0010001300010U 060000000000000000000000000000000000000000000000000000000000000000000000338580000000000338580000000000000000000000000000003009202101102021            000000000000000                              000                           
0010001300011T 060000510000002827271 30597400000006440   70312020/07/14  300920210000000000169290010000510312020/07               0900000000000010060000000000000000000000000000000000000   000000000000000000000000033        170193059740     
0010001300012U 060000000000000000000000000000000000000000000000000000000000000000000000169290000000000169290000000000000000000000000000003009202101102021            000000000000000                              000                           
0010001300013T 060000510000002827271 30597400000006626   70192020/16/14  300920210000000000423231040252400192020/16               0900000000000010100000000000000000000000000000000000000   000000000000000000000000004        170193059740     
0010001300014U 060000000000000000000000000000000000000000000000000000000000000000000000423230000000000423230000000000000000000000000000003009202101102021            000000000000000                              000                           
0010001300015T 060000510000002827271 30597400000006662   70332019/12/14  30092021000000000152110756005410                         0900000000000010100000000000000000000000000000000000000   000000000000000000000000004        170193059740     
0010001300016U 060000000000000000000000000000000000000000000000000000000000000000000001521100000000001521100000000000000000000000000000003009202101102021            000000000000000                              000                           
0010001300017T 060000510000002827271 30597400000007612   70632020/12/12  01102021000000000028216341074420                         0900000000000010100000000000000000000000000000000000000   000000000000000000000000004        170193059740     
0010001300018U 060000000000000000000000000000000000000000000000000000000000000000000000282160000000000282160000000000000000000000000000003009202101102021            000000000000000                              000                           
0010001300019T 060000510000002827271 30597400000007674   70722020/15/12  01102021000000000033859341061860                         0900000000000010100000000000000000000000000000000000000   000000000000000000000000004        170193059740     
0010001300020U 060000000000000000000000000000000000000000000000000000000000000000000000338590000000000338590000000000000000000000000000003009202101102021            000000000000000                              000                           
0010001300021T 060000510000002827271 30597400000008395   70992020/12/07  13062021000000000022573001030287                         0900000000000010060000000000000000000000000000000000000   000000000000000000000000033        170193059740     
0010001300022U 060000000000012140000000000000000000000000000000000000000000000000000000237870000000000237870000000000000000000000000000003009202101102021            000000000000000                              000                           
0010001300023T 060000510000002827271 30597400000008396   70992020/12/08  13072021000000000022573001030287                         0900000000000010060000000000000000000000000000000000000   000000000000000000000000033        170193059740     
0010001300024U 060000000000010040000000000000000000000000000000000000000000000000000000235770000000000235770000000000000000000000000000003009202101102021            000000000000000                              000                           
0010001300025T 060000510000002827271 30597400000008397   70992020/12/09  13082021000000000022573001030287                         0900000000000010060000000000000000000000000000000000000   000000000000000000000000033        170193059740     
0010001300026U 060000000000007870000000000000000000000000000000000000000000000000000000233600000000000233600000000000000000000000000000003009202101102021            000000000000000                              000                           
0010001300027T 060000510000002827271 30597400000008758   71162020/16/10  300920210000000000499420010000511162020/16               0900000000000010060000000000000000000000000000000000000   000000000000000000000000033        170193059740     
0010001300028U 060000000000000000000000000000000000000000000000000000000000000000000000499420000000000499420000000000000000000000000000003009202101102021            000000000000000                              000                           
0010001300029T 060000510000002827271 30597400000008830   71152020/15/10  300920210000000000338597560124801152020/15               0900000000000010100000000000000000000000000000000000000   000000000000000000000000004        170193059740     
0010001300030U 060000000000000000000000000000000000000000000000000000000000000000000000338590000000000338590000000000000000000000000000003009202101102021            000000000000000                              000                           
0010001300031T 060000510000002827271 30597400000008848   71282020/16/10  300920210000000000338590010302871282020/16               0900000000000010010000000000000000000000000000000000000   000000000000000000000000032        170193059740     
0010001300032U 060000000000000000000000000000000000000000000000000000000000000000000000338590000000000338590000000000000000000000000000003009202101102021            000000000000000                              000                           
0010001300033T 060000510000002827271 30597400000008866   71232020/16/10  300920210000000000338591040252401232020/16               0900000000000010100000000000000000000000000000000000000   000000000000000000000000004        170193059740     
0010001300034U 060000000000000000000000000000000000000000000000000000000000000000000000338590000000000338590000000000000000000000000000003009202101102021            000000000000000                              000                           
0010001300035T 060000510000002827271 30597400000009554   77152019R/01    300920210000000000194500010000517152019R                 0900000000000010060000000000000000000000000000000000000   000000000000000000000000033        170193059740     
0010001300036U 060000000000000000000000000000000000000000172530000000000000000000000000194500000000000194500000000000000000000000000000003009202101102021            000000000000000                              000                           
0010001300037T 060000510000002827271 30597400000009635   70072021/05/04  190920210000000000336920010302870072021/05               0900000000000010060000000000000000000000000000000000000   000000000000000000000000033        170193059740     
0010001300038U 060000000000007940000000000000000000000000000000000000000000000000000000344860000000000344860000000000000000000000000000003009202101102021            000000000000000                              000                           
0010001300039T 060000510000002827271 30597400000009849   70262021/07/04  300920210000000000338591970000100262021/07               0900000000000010100000000000000000000000000000000000000   000000000000000000000000004        170193059740     
0010001300040U 060000000000000000000000000000000000000000000000000000000000000000000000338590000000000338590000000000000000000000000000003009202101102021            000000000000000                              000                           
0010001300041T 060000510000002827271 30597400000009867   70222021/07/04  300920210000000000310370010302870222021/07               0900000000000010060000000000000000000000000000000000000   000000000000000000000000033        170193059740     
0010001300042U 060000000000000000000000000000000000000000000000000000000000000000000000310370000000000310370000000000000000000000000000003009202101102021            000000000000000                              000                           
0010001300043T 060000510000002827271 30597400000009966   70322021/05/04  300920210000000000252690010000510322021/05               0900000000000010060000000000000000000000000000000000000   000000000000000000000000033        170193059740     
0010001300044U 060000000000000000000000000000000000000000000000000000000000000000000000252690000000000252690000000000000000000000000000003009202101102021            000000000000000                              000                           
0010001300045T 060000510000002827271 30597400000010024   70442021/05/04  021020210000000000282160810000100442021/05               0900000000000010100000000000000000000000000000000000000   000000000000000000000000004        170193059740     
0010001300046U 060000000000000000000000000000000000000000000000000000000000000000000000282160000000000282160000000000000000000000000000003009202101102021            000000000000000                              000                           
0010001300047T 060000510000002827271 30597400000010214   70422019/15RC/04300920210000000000116357560422200422019/15RC             0900000000000010100000000000000000000000000000000000000   000000000000000000000000004        170193059740     
0010001300048U 060000000000000000000000000000000000000000000000000000000000000000000000116350000000000116350000000000000000000000000000003009202101102021            000000000000000                              000                           
0010001300049T 060000510000002827271 30597400000010817   70862021/15/03  300920210000000000338591040018000862021/15               0900000000000010100000000000000000000000000000000000000   000000000000000000000000004        170193059740     
0010001300050U 060000000000000000000000000000000000000000000000000000000000000000000000338590000000000338590000000000000000000000000000003009202101102021            000000000000000                              000                           
0010001300051T 060000510000002827271 30597400000010871   70902021/5/03   300920210000000000338591040252400902021/5                0900000000000010100000000000000000000000000000000000000   000000000000000000000000004        170193059740     
0010001300052U 060000000000000000000000000000000000000000000000000000000000000000000000338590000000000338590000000000000000000000000000003009202101102021            000000000000000                              000                           
0010001300053T 060000510000002827271 30597400000011705   70482021/12/02  300920210000000000338590010000510482021/12               0900000000000010060000000000000000000000000000000000000   000000000000000000000000033        170193059740     
0010001300054U 060000000000000000000000000000000000000000000000000000000000000000000000338590000000000338590000000000000000000000000000003009202101102021            000000000000000                              000                           
0010001300055T 060000510000002827271 30597400000011813   71152021/5/02   300920210000000000338590010000511152021/5                0900000000000010010000000000000000000000000000000000000   000000000000000000000000032        170193059740     
0010001300056U 060000000000000000000000000000000000000000000000000000000000000000000000338590000000000338590000000000000000000000000000003009202101102021            000000000000000                              000                           
0010001300057T 060000510000002827271 30597400000011939   70952021/15/02  300920210000000000507880770000100952021/15               0900000000000010100000000000000000000000000000000000000   000000000000000000000000004        170193059740     
0010001300058U 060000000000000000000000000000000000000000000000000000000000000000000000507880000000000507880000000000000000000000000000003009202101102021            000000000000000                              000                           
0010001300059T 060000510000002827271 30597400000013114   78642019REFIS/02081120210000000000112001040018008642019REFIS             0900000000000010100000000000000000000000000000000000000   000000000000000000000000004        170193059740     
0010001300060U 060000000000000000000000000000000000000000000000000000000000000000000000112000000000000112000000000000000000000000000000003009202101102021            000000000000000                              000                           
0010001300061T 060000510000002827271 30597400000013431   712-2020        30092021000000000072399033014710ATUALIZACAO 12-2020      0900000000000010100000000000000000000000000000000000000   000000000000000000000000004        170193059740     
0010001300062U 060000000000000000000000000000000000000000000000000000000000000000000000723990000000000723990000000000000000000000000000003009202101102021            000000000000000                              000                           
0010001300063T 280000510000002827271 30597400000010905   77362019/12/04* 270720210000000000284760010000007362019/12/04*           0900000000000000000000000000000000000000000000000000000   000000000000000000000015202        170193059740     
0010001300064U 280000000000000000000000000000000000000000000000000000000000000000000000000000000000000000000000000000000000000000000000003009202100000000            000000000000000                              000                           
00100015         000066005487000000002648251210000000000000000000000000000000000000000000000000000000000000000000000000000000000000000000000000000                                                                                              
00199999         000001000068000000                                                                                                                                                            00000000000000000000000000000                    
