00100000         2215452380001720030597400014       0000510000002827271 FUNDO DE DESENVOLVIMENTO DE CABANCO DO BRASIL                         20812202101171900200203000000516456668PROCESSAMEN                                                 
00100011T0100020 20215452380001720030597400014       0000510000002827271 FUNDO DE DESENVOLVIMENTO DE CA                                                                                000000000812202100000000  000000000                      
0010001300001T 060000510000002827271 30597400000007204   70602020/16/15  04122021000000000038373001030287                         0900000000000010060000000000000000000000000000000000000   000000000000000000000000033        170193059740     
0010001300002U 060000000000008150000000000000000000000000000000000000000000000000000000391880000000000391880000000000000000000000000000000812202109122021            000000000000000                              000                           
0010001300003T 060000510000002827271 30597400000007205   70602020/16/16  04012022000000000038373001030287                         0900000000000010060000000000000000000000000000000000000   000000000000000000000000033        170193059740     
0010001300004U 060000000000000000000000000000000000000000000000000000000000000000000000383730000000000383730000000000000000000000000000000812202109122021            000000000000000                              000                           
0010001300005T 060000510000002827271 30597400000007206   70602020/16/17  04022022000000000038373260000010                         0900000000000010100000000000000000000000000000000000000   000000000000000000000000004        170193059740     
0010001300006U 060000000000000000000000000000000000000000000000000000000000000000000000383730000000000383730000000000000000000000000000000812202109122021            000000000000000                              000                           
0010001300007T 060000510000002827271 30597400000007207   70602020/16/18  04032022000000000038373260000010                         0900000000000010100000000000000000000000000000000000000   000000000000000000000000004        170193059740     
0010001300008U 060000000000000000000000000000000000000000000000000000000000000000000000383730000000000383730000000000000000000000000000000812202109122021            000000000000000                              000                           
0010001300009T 060000510000002827271 30597400000008332   77092019/07 R/13081220210000000000341451040018007092019/07 R             0900000000000010100000000000000000000000000000000000000   000000000000000000000000004        170193059740     
0010001300010U 060000000000000000000000000000000000000000000000000000000000000000000000341450000000000341450000000000000000000000000000000812202109122021            000000000000000                              000                           
0010001300011T 060000510000002827271 30597400000008958   71392020/15/12  081220210000000000507887560064001392020/15               0900000000000010100000000000000000000000000000000000000   000000000000000000000000004        170193059740     
0010001300012U 060000000000000000000000000000000000000000000000000000000000000000000000507880000000000507880000000000000000000000000000000812202109122021            000000000000000                              000                           
0010001300013T 060000510000002827271 30597400000008976   71462020/15/12  081220210000000000338591040192701462020/15               0900000000000010100000000000000000000000000000000000000   000000000000000000000000004        170193059740     
0010001300014U 060000000000000000000000000000000000000000000000000000000000000000000000338590000000000338590000000000000000000000000000000812202109122021            000000000000000                              000                           
0010001300015T 060000510000002827271 30597400000009012   71322020/15/12  081220210000000000338591040412001322020/15               0900000000000010100000000000000000000000000000000000000   000000000000000000000000004        170193059740     
0010001300016U 060000000000000000000000000000000000000000000000000000000000000000000000338590000000000338590000000000000000000000000000000812202109122021            000000000000000                              000                           
0010001300017T 060000510000002827271 30597400000010381   70572021/12/06  101220210000000000395021040252400572021/12               0900000000000010100000000000000000000000000000000000000   000000000000000000000000004        170193059740     
0010001300018U 060000000000000000000000000000000000000000000000000000000000000000000000395020000000000395020000000000000000000000000000000812202109122021            000000000000000                              000                           
0010001300019T 060000510000002827271 30597400000011204   70412021/16/05  141220210000000000336922600000100412021/16               0900000000000010100000000000000000000000000000000000000   000000000000000000000000004        170193059740     
0010001300020U 060000000000000000000000000000000000000000000000000000000000000000000000336920000000000336920000000000000000000000000000000812202109122021            000000000000000                              000                           
0010001300021T 060000510000002827271 30597400000013115   78642019REFIS/03081220210000000000112001040018008642019REFIS             0900000000000010100000000000000000000000000000000000000   000000000000000000000000004        170193059740     
0010001300022U 060000000000000000000000000000000000000000000000000000000000000000000000112000000000000112000000000000000000000000000000000812202109122021            000000000000000                              000                           
0010001300023T 060000510000002827271 30597400000013672   71122021/12/02  061220210000000000338593410618601122021/12               0900000000000010100000000000000000000000000000000000000   000000000000000000000000004        170193059740     
0010001300024U 060000000000006990000000000000000000000000000000000000000000000000000000345580000000000345580000000000000000000000000000000812202109122021            000000000000000                              000                           
0010001300025T 060000510000002827271 30597400000014198   72432021/16/03  270120220000000000431701040412002432021/16               0900000000000010100000000000000000000000000000000000000   000000000000000000000000004        170193059740     
0010001300026U 060000000000000000000000000000000000000000000000000000000000000000000000431700000000000431700000000000000000000000000000000812202109122021            000000000000000                              000                           
0010001300027T 060000510000002827271 30597400000014945   70342015REFIS/01091220210000000000165582370006500342015REFIS             0900000000000010100000000000000000000000000000000000000   000000000000000000000000004        170193059740     
0010001300028U 060000000000000000000000000000000000000000000000000000000000000000000000165580000000000165580000000000000000000000000000000812202109122021            000000000000000                              000                           
0010001300029T 280000510000002827271 30597400000007219   70182020/07/12  04092021000000000040732001000000                         0900000000000000000000000000000000000000000000000000000   000000000000000000000015202        170193059740     
0010001300030U 280000000000000000000000000000000000000000000000000000000000000000000000000000000000000000000000000000000000000000000000000812202100000000            000000000000000                              000                           
0010001300031T 280000510000002827271 30597400000007282   70102020/07/12  04092021000000000050538001000000                         0900000000000000000000000000000000000000000000000000000   000000000000000000000015202        170193059740     
0010001300032U 280000000000000000000000000000000000000000000000000000000000000000000000000000000000000000000000000000000000000000000000000812202100000000            000000000000000                              000                           
00100015         000034006142000000002881569380000000000000000000000000000000000000000000000000000000000000000000000000000000000000000000000000000                                                                                              
00199999         000001000036000000                                                                                                                                                            00000000000000000000000000000                    
