00100000         2215452380001720030597400014       0000510000002827271 FUNDO DE DESENVOLVIMENTO DE CABANCO DO BRASIL                         21012202101151700200603000000516456668PROCESSAMEN                                                 
00100011T0100020 20215452380001720030597400014       0000510000002827271 FUNDO DE DESENVOLVIMENTO DE CA                                                                                000000001012202100000000  000000000                      
0010001300001T 060000510000002827271 30597400000008697   71132020/12/12  251120210000000000277960010302871132020/12               0900000000000010060000000000000000000000000000000000000   000000000000000000000000033        170193059740     
0010001300002U 060000000000001570000000000000000000000000000000000000000000000000000000279530000000000279530000000000000000000000000000001012202113122021            000000000000000                              000                           
0010001300003T 060000510000002827271 30597400000009066   71542020/15/12  101220210000000000507881040252401542020/15               0900000000000010100000000000000000000000000000000000000   000000000000000000000000004        170193059740     
0010001300004U 060000000000000000000000000000000000000000000000000000000000000000000000507880000000000507880000000000000000000000000000001012202113122021            000000000000000                              000                           
0010001300005T 060000510000002827271 30597400000010345   70492021/15/06  101220210000000000677180010000510492021/15               0900000000000010060000000000000000000000000000000000000   000000000000000000000000033        170193059740     
0010001300006U 060000000000000000000000000000000000000000000000000000000000000000000000677180000000000677180000000000000000000000000000001012202113122021            000000000000000                              000                           
0010001300007T 060000510000002827271 30597400000010417   70522021/5/06   101220210000000000282160810000100522021/5                0900000000000010100000000000000000000000000000000000000   000000000000000000000000004        170193059740     
0010001300008U 060000000000000000000000000000000000000000000000000000000000000000000000282160000000000282160000000000000000000000000000001012202113122021            000000000000000                              000                           
0010001300009T 060000510000002827271 30597400000010591   70582021/12/06  161220210000000000338591040252400582021/12               0900000000000010100000000000000000000000000000000000000   000000000000000000000000004        170193059740     
0010001300010U 060000000000000000000000000000000000000000000000000000000000000000000000338590000000000338590000000000000000000000000000001012202113122021            000000000000000                              000                           
0010001300011T 060000510000002827271 30597400000010693   70672021/12/06  231220210000000000338590010466470672021/12               0900000000000010060000000000000000000000000000000000000   000000000000000000000000033        170193059740     
0010001300012U 060000000000000000000000000000000000000000000000000000000000000000000000338590000000000338590000000000000000000000000000001012202113122021            000000000000000                              000                           
0010001300013T 060000510000002827271 30597400000012847   71772021/5/03   151220210000000000202651040252401772021/5                0900000000000010100000000000000000000000000000000000000   000000000000000000000000004        170193059740     
0010001300014U 060000000000000000000000000000000000000000000000000000000000000000000000202650000000000202650000000000000000000000000000001012202113122021            000000000000000                              000                           
0010001300015T 060000510000002827271 30597400000013963   72172021/15/02  211220210000000000338597560422202172021/15               0900000000000010100000000000000000000000000000000000000   000000000000000000000000004        170193059740     
0010001300016U 060000000000000000000000000000000000000000000000000000000000000000000000338590000000000338590000000000000000000000000000001012202113122021            000000000000000                              000                           
0010001300017T 060000510000002827271 30597400000014121   72352021/12/01  101220210000000000338590010000512352021/12               0900000000000010060000000000000000000000000000000000000   000000000000000000000000033        170193059740     
0010001300018U 060000000000000000000000000000000000000000000000000000000000000000000000338590000000000338590000000000000000000000000000001012202113122021            000000000000000                              000                           
0010001300019T 060000510000002827271 30597400000014576   70702021/15/01  101220210000000000338592600000100702021/15               0900000000000010100000000000000000000000000000000000000   000000000000000000000000004        170193059740     
0010001300020U 060000000000000000000000000000000000000000000000000000000000000000000000338590000000000338590000000000000000000000000000001012202113122021            000000000000000                              000                           
0010001300021T 060000510000002827271 30597400000014594   70702021/12/01  101220210000000000338591970000100702021/12               0900000000000010100000000000000000000000000000000000000   000000000000000000000000004        170193059740     
0010001300022U 060000000000000000000000000000000000000000000000000000000000000000000000338590000000000338590000000000000000000000000000001012202113122021            000000000000000                              000                           
0010001300023T 060000510000002827271 30597400000014612   72462021/05/01  101220210000000000436401040412002462021/05               0900000000000010100000000000000000000000000000000000000   000000000000000000000000004        170193059740     
0010001300024U 060000000000000000000000000000000000000000000000000000000000000000000000436400000000000436400000000000000000000000000000001012202113122021            000000000000000                              000                           
0010001300025T 060000510000002827271 30597400000014723   72302021/15/01  101220210000000000338592370088302302021/15               0900000000000010100000000000000000000000000000000000000   000000000000000000000000004        170193059740     
0010001300026U 060000000000000000000000000000000000000000000000000000000000000000000000338590000000000338590000000000000000000000000000001012202113122021            000000000000000                              000                           
0010001300027T 140000510000002827271 30597400000014741   72702021/16/01  030120220000000000545500010000512702021/16               0900000000000000000000000000000000000000000000000000000   000000000000000000000000000        170193059740     
0010001300028U 140000000000000000000000000000000000000000000000000000000000000000000000000000000000000000000000000000000000000000000000001012202100000000            000000000000000                              000                           
0010001300029T 140000510000002827271 30597400000014742   72702021/16/02  030220220000000000545500010000512702021/16               0900000000000000000000000000000000000000000000000000000   000000000000000000000000000        170193059740     
0010001300030U 140000000000000000000000000000000000000000000000000000000000000000000000000000000000000000000000000000000000000000000000001012202100000000            000000000000000                              000                           
0010001300031T 140000510000002827271 30597400000014743   72702021/16/03  030320220000000000545500010000512702021/16               0900000000000000000000000000000000000000000000000000000   000000000000000000000000000        170193059740     
0010001300032U 140000000000000000000000000000000000000000000000000000000000000000000000000000000000000000000000000000000000000000000000001012202100000000            000000000000000                              000                           
0010001300033T 140000510000002827271 30597400000014744   72702021/16/04  030420220000000000545500010000512702021/16               0900000000000000000000000000000000000000000000000000000   000000000000000000000000000        170193059740     
0010001300034U 140000000000000000000000000000000000000000000000000000000000000000000000000000000000000000000000000000000000000000000000001012202100000000            000000000000000                              000                           
0010001300035T 140000510000002827271 30597400000014745   72702021/16/05  030520220000000000545500010000512702021/16               0900000000000000000000000000000000000000000000000000000   000000000000000000000000000        170193059740     
0010001300036U 140000000000000000000000000000000000000000000000000000000000000000000000000000000000000000000000000000000000000000000000001012202100000000            000000000000000                              000                           
0010001300037T 140000510000002827271 30597400000014746   72702021/16/06  030620220000000000545500010000512702021/16               0900000000000000000000000000000000000000000000000000000   000000000000000000000000000        170193059740     
0010001300038U 140000000000000000000000000000000000000000000000000000000000000000000000000000000000000000000000000000000000000000000000001012202100000000            000000000000000                              000                           
0010001300039T 140000510000002827271 30597400000014747   72702021/16/07  030720220000000000545500010000512702021/16               0900000000000000000000000000000000000000000000000000000   000000000000000000000000000        170193059740     
0010001300040U 140000000000000000000000000000000000000000000000000000000000000000000000000000000000000000000000000000000000000000000000001012202100000000            000000000000000                              000                           
0010001300041T 140000510000002827271 30597400000014748   72702021/16/08  030820220000000000545500010000512702021/16               0900000000000000000000000000000000000000000000000000000   000000000000000000000000000        170193059740     
0010001300042U 140000000000000000000000000000000000000000000000000000000000000000000000000000000000000000000000000000000000000000000000001012202100000000            000000000000000                              000                           
0010001300043T 140000510000002827271 30597400000014749   72702021/16/09  030920220000000000545500010000512702021/16               0900000000000000000000000000000000000000000000000000000   000000000000000000000000000        170193059740     
0010001300044U 140000000000000000000000000000000000000000000000000000000000000000000000000000000000000000000000000000000000000000000000001012202100000000            000000000000000                              000                           
0010001300045T 140000510000002827271 30597400000014750   72702021/16/10  031020220000000000545500010000512702021/16               0900000000000000000000000000000000000000000000000000000   000000000000000000000000000        170193059740     
0010001300046U 140000000000000000000000000000000000000000000000000000000000000000000000000000000000000000000000000000000000000000000000001012202100000000            000000000000000                              000                           
0010001300047T 140000510000002827271 30597400000014751   72702021/16/11  031120220000000000545500010000512702021/16               0900000000000000000000000000000000000000000000000000000   000000000000000000000000000        170193059740     
0010001300048U 140000000000000000000000000000000000000000000000000000000000000000000000000000000000000000000000000000000000000000000000001012202100000000            000000000000000                              000                           
0010001300049T 140000510000002827271 30597400000014752   72702021/16/12  031220220000000000545500010000512702021/16               0900000000000000000000000000000000000000000000000000000   000000000000000000000000000        170193059740     
0010001300050U 140000000000000000000000000000000000000000000000000000000000000000000000000000000000000000000000000000000000000000000000001012202100000000            000000000000000                              000                           
0010001300051T 140000510000002827271 30597400000014753   72702021/16/13  030120230000000000545500010000512702021/16               0900000000000000000000000000000000000000000000000000000   000000000000000000000000000        170193059740     
0010001300052U 140000000000000000000000000000000000000000000000000000000000000000000000000000000000000000000000000000000000000000000000001012202100000000            000000000000000                              000                           
0010001300053T 140000510000002827271 30597400000014780   72692021/16/01  030120220000000000436400010000512692021/16               0900000000000000000000000000000000000000000000000000000   000000000000000000000000000        170193059740     
0010001300054U 140000000000000000000000000000000000000000000000000000000000000000000000000000000000000000000000000000000000000000000000001012202100000000            000000000000000                              000                           
0010001300055T 140000510000002827271 30597400000014781   72692021/16/02  030220220000000000436400010000512692021/16               0900000000000000000000000000000000000000000000000000000   000000000000000000000000000        170193059740     
0010001300056U 140000000000000000000000000000000000000000000000000000000000000000000000000000000000000000000000000000000000000000000000001012202100000000            000000000000000                              000                           
0010001300057T 140000510000002827271 30597400000014782   72692021/16/03  030320220000000000436400010000512692021/16               0900000000000000000000000000000000000000000000000000000   000000000000000000000000000        170193059740     
0010001300058U 140000000000000000000000000000000000000000000000000000000000000000000000000000000000000000000000000000000000000000000000001012202100000000            000000000000000                              000                           
0010001300059T 140000510000002827271 30597400000014783   72692021/16/04  030420220000000000436400010000512692021/16               0900000000000000000000000000000000000000000000000000000   000000000000000000000000000        170193059740     
0010001300060U 140000000000000000000000000000000000000000000000000000000000000000000000000000000000000000000000000000000000000000000000001012202100000000            000000000000000                              000                           
0010001300061T 140000510000002827271 30597400000014784   72692021/16/05  030520220000000000436400010000512692021/16               0900000000000000000000000000000000000000000000000000000   000000000000000000000000000        170193059740     
0010001300062U 140000000000000000000000000000000000000000000000000000000000000000000000000000000000000000000000000000000000000000000000001012202100000000            000000000000000                              000                           
0010001300063T 140000510000002827271 30597400000014785   72692021/16/06  030620220000000000436400010000512692021/16               0900000000000000000000000000000000000000000000000000000   000000000000000000000000000        170193059740     
0010001300064U 140000000000000000000000000000000000000000000000000000000000000000000000000000000000000000000000000000000000000000000000001012202100000000            000000000000000                              000                           
0010001300065T 140000510000002827271 30597400000014786   72692021/16/07  030720220000000000436400010000512692021/16               0900000000000000000000000000000000000000000000000000000   000000000000000000000000000        170193059740     
0010001300066U 140000000000000000000000000000000000000000000000000000000000000000000000000000000000000000000000000000000000000000000000001012202100000000            000000000000000                              000                           
0010001300067T 140000510000002827271 30597400000014787   72692021/16/08  030820220000000000436400010000512692021/16               0900000000000000000000000000000000000000000000000000000   000000000000000000000000000        170193059740     
0010001300068U 140000000000000000000000000000000000000000000000000000000000000000000000000000000000000000000000000000000000000000000000001012202100000000            000000000000000                              000                           
0010001300069T 140000510000002827271 30597400000014788   72692021/16/09  030920220000000000436400010000512692021/16               0900000000000000000000000000000000000000000000000000000   000000000000000000000000000        170193059740     
0010001300070U 140000000000000000000000000000000000000000000000000000000000000000000000000000000000000000000000000000000000000000000000001012202100000000            000000000000000                              000                           
0010001300071T 140000510000002827271 30597400000014789   72692021/16/10  031020220000000000436400010000512692021/16               0900000000000000000000000000000000000000000000000000000   000000000000000000000000000        170193059740     
0010001300072U 140000000000000000000000000000000000000000000000000000000000000000000000000000000000000000000000000000000000000000000000001012202100000000            000000000000000                              000                           
0010001300073T 140000510000002827271 30597400000014790   72692021/16/11  031120220000000000436400010000512692021/16               0900000000000000000000000000000000000000000000000000000   000000000000000000000000000        170193059740     
0010001300074U 140000000000000000000000000000000000000000000000000000000000000000000000000000000000000000000000000000000000000000000000001012202100000000            000000000000000                              000                           
0010001300075T 140000510000002827271 30597400000014791   72692021/16/12  031220220000000000436400010000512692021/16               0900000000000000000000000000000000000000000000000000000   000000000000000000000000000        170193059740     
0010001300076U 140000000000000000000000000000000000000000000000000000000000000000000000000000000000000000000000000000000000000000000000001012202100000000            000000000000000                              000                           
0010001300077T 140000510000002827271 30597400000014792   72692021/16/13  031220220000000000436400010000512692021/16               0900000000000000000000000000000000000000000000000000000   000000000000000000000000000        170193059740     
0010001300078U 140000000000000000000000000000000000000000000000000000000000000000000000000000000000000000000000000000000000000000000000001012202100000000            000000000000000                              000                           
0010001300079T 140000510000002827271 30597400000014837   72612021/12/01  030120220000000000505380010000512612021/12               0900000000000000000000000000000000000000000000000000000   000000000000000000000000000        170193059740     
0010001300080U 140000000000000000000000000000000000000000000000000000000000000000000000000000000000000000000000000000000000000000000000001012202100000000            000000000000000                              000                           
0010001300081T 140000510000002827271 30597400000014838   72612021/12/02  030220220000000000505380010000512612021/12               0900000000000000000000000000000000000000000000000000000   000000000000000000000000000        170193059740     
0010001300082U 140000000000000000000000000000000000000000000000000000000000000000000000000000000000000000000000000000000000000000000000001012202100000000            000000000000000                              000                           
0010001300083T 140000510000002827271 30597400000014839   72612021/12/03  030320220000000000505380010000512612021/12               0900000000000000000000000000000000000000000000000000000   000000000000000000000000000        170193059740     
0010001300084U 140000000000000000000000000000000000000000000000000000000000000000000000000000000000000000000000000000000000000000000000001012202100000000            000000000000000                              000                           
0010001300085T 140000510000002827271 30597400000014840   72612021/12/04  030420220000000000505380010000512612021/12               0900000000000000000000000000000000000000000000000000000   000000000000000000000000000        170193059740     
0010001300086U 140000000000000000000000000000000000000000000000000000000000000000000000000000000000000000000000000000000000000000000000001012202100000000            000000000000000                              000                           
0010001300087T 140000510000002827271 30597400000014841   72612021/12/05  030520220000000000505380010000512612021/12               0900000000000000000000000000000000000000000000000000000   000000000000000000000000000        170193059740     
0010001300088U 140000000000000000000000000000000000000000000000000000000000000000000000000000000000000000000000000000000000000000000000001012202100000000            000000000000000                              000                           
0010001300089T 140000510000002827271 30597400000014842   72612021/12/06  030620220000000000505380010000512612021/12               0900000000000000000000000000000000000000000000000000000   000000000000000000000000000        170193059740     
0010001300090U 140000000000000000000000000000000000000000000000000000000000000000000000000000000000000000000000000000000000000000000000001012202100000000            000000000000000                              000                           
0010001300091T 140000510000002827271 30597400000014843   72612021/12/07  030720220000000000505380010000512612021/12               0900000000000000000000000000000000000000000000000000000   000000000000000000000000000        170193059740     
0010001300092U 140000000000000000000000000000000000000000000000000000000000000000000000000000000000000000000000000000000000000000000000001012202100000000            000000000000000                              000                           
0010001300093T 140000510000002827271 30597400000014844   72612021/12/08  030820220000000000505380010000512612021/12               0900000000000000000000000000000000000000000000000000000   000000000000000000000000000        170193059740     
0010001300094U 140000000000000000000000000000000000000000000000000000000000000000000000000000000000000000000000000000000000000000000000001012202100000000            000000000000000                              000                           
0010001300095T 140000510000002827271 30597400000014845   72612021/12/09  030920220000000000505380010000512612021/12               0900000000000000000000000000000000000000000000000000000   000000000000000000000000000        170193059740     
0010001300096U 140000000000000000000000000000000000000000000000000000000000000000000000000000000000000000000000000000000000000000000000001012202100000000            000000000000000                              000                           
0010001300097T 140000510000002827271 30597400000014846   72612021/12/10  031020220000000000505380010000512612021/12               0900000000000000000000000000000000000000000000000000000   000000000000000000000000000        170193059740     
0010001300098U 140000000000000000000000000000000000000000000000000000000000000000000000000000000000000000000000000000000000000000000000001012202100000000            000000000000000                              000                           
0010001300099T 140000510000002827271 30597400000014847   72612021/12/11  031120220000000000505380010000512612021/12               0900000000000000000000000000000000000000000000000000000   000000000000000000000000000        170193059740     
0010001300100U 140000000000000000000000000000000000000000000000000000000000000000000000000000000000000000000000000000000000000000000000001012202100000000            000000000000000                              000                           
0010001300101T 140000510000002827271 30597400000014848   72612021/12/12  031220220000000000505380010000512612021/12               0900000000000000000000000000000000000000000000000000000   000000000000000000000000000        170193059740     
0010001300102U 140000000000000000000000000000000000000000000000000000000000000000000000000000000000000000000000000000000000000000000000001012202100000000            000000000000000                              000                           
0010001300103T 140000510000002827271 30597400000014897   72712021/16/01  030120220000000000336920010000512712021/16               0900000000000000000000000000000000000000000000000000000   000000000000000000000000000        170193059740     
0010001300104U 140000000000000000000000000000000000000000000000000000000000000000000000000000000000000000000000000000000000000000000000001012202100000000            000000000000000                              000                           
0010001300105T 140000510000002827271 30597400000014898   72712021/16/02  031220220000000000336920010000512712021/16               0900000000000000000000000000000000000000000000000000000   000000000000000000000000000        170193059740     
0010001300106U 140000000000000000000000000000000000000000000000000000000000000000000000000000000000000000000000000000000000000000000000001012202100000000            000000000000000                              000                           
0010001300107T 140000510000002827271 30597400000014899   72712021/16/03  030220220000000000336920010000512712021/16               0900000000000000000000000000000000000000000000000000000   000000000000000000000000000        170193059740     
0010001300108U 140000000000000000000000000000000000000000000000000000000000000000000000000000000000000000000000000000000000000000000000001012202100000000            000000000000000                              000                           
0010001300109T 140000510000002827271 30597400000014900   72712021/16/04  030320220000000000336920010000512712021/16               0900000000000000000000000000000000000000000000000000000   000000000000000000000000000        170193059740     
0010001300110U 140000000000000000000000000000000000000000000000000000000000000000000000000000000000000000000000000000000000000000000000001012202100000000            000000000000000                              000                           
0010001300111T 140000510000002827271 30597400000014901   72712021/16/05  030420220000000000336920010000512712021/16               0900000000000000000000000000000000000000000000000000000   000000000000000000000000000        170193059740     
0010001300112U 140000000000000000000000000000000000000000000000000000000000000000000000000000000000000000000000000000000000000000000000001012202100000000            000000000000000                              000                           
0010001300113T 140000510000002827271 30597400000014902   72712021/16/06  030520220000000000336920010000512712021/16               0900000000000000000000000000000000000000000000000000000   000000000000000000000000000        170193059740     
0010001300114U 140000000000000000000000000000000000000000000000000000000000000000000000000000000000000000000000000000000000000000000000001012202100000000            000000000000000                              000                           
0010001300115T 140000510000002827271 30597400000014903   72712021/16/07  030620220000000000336920010000512712021/16               0900000000000000000000000000000000000000000000000000000   000000000000000000000000000        170193059740     
0010001300116U 140000000000000000000000000000000000000000000000000000000000000000000000000000000000000000000000000000000000000000000000001012202100000000            000000000000000                              000                           
0010001300117T 140000510000002827271 30597400000014904   72712021/16/08  030720220000000000336920010000512712021/16               0900000000000000000000000000000000000000000000000000000   000000000000000000000000000        170193059740     
0010001300118U 140000000000000000000000000000000000000000000000000000000000000000000000000000000000000000000000000000000000000000000000001012202100000000            000000000000000                              000                           
0010001300119T 140000510000002827271 30597400000014905   72712021/16/09  030820220000000000336920010000512712021/16               0900000000000000000000000000000000000000000000000000000   000000000000000000000000000        170193059740     
0010001300120U 140000000000000000000000000000000000000000000000000000000000000000000000000000000000000000000000000000000000000000000000001012202100000000            000000000000000                              000                           
0010001300121T 140000510000002827271 30597400000014906   72712021/16/10  030920220000000000336920010000512712021/16               0900000000000000000000000000000000000000000000000000000   000000000000000000000000000        170193059740     
0010001300122U 140000000000000000000000000000000000000000000000000000000000000000000000000000000000000000000000000000000000000000000000001012202100000000            000000000000000                              000                           
0010001300123T 140000510000002827271 30597400000014907   72712021/16/11  031020220000000000336920010000512712021/16               0900000000000000000000000000000000000000000000000000000   000000000000000000000000000        170193059740     
0010001300124U 140000000000000000000000000000000000000000000000000000000000000000000000000000000000000000000000000000000000000000000000001012202100000000            000000000000000                              000                           
0010001300125T 140000510000002827271 30597400000014908   72712021/16/12  031120220000000000336920010000512712021/16               0900000000000000000000000000000000000000000000000000000   000000000000000000000000000        170193059740     
0010001300126U 140000000000000000000000000000000000000000000000000000000000000000000000000000000000000000000000000000000000000000000000001012202100000000            000000000000000                              000                           
0010001300127T 140000510000002827271 30597400000014910   72562021/05/02  030120220000000000338590010000512562021/05               0900000000000000000000000000000000000000000000000000000   000000000000000000000000000        170193059740     
0010001300128U 140000000000000000000000000000000000000000000000000000000000000000000000000000000000000000000000000000000000000000000000001012202100000000            000000000000000                              000                           
0010001300129T 140000510000002827271 30597400000014911   72562021/05/03  030220220000000000338590010000512562021/05               0900000000000000000000000000000000000000000000000000000   000000000000000000000000000        170193059740     
0010001300130U 140000000000000000000000000000000000000000000000000000000000000000000000000000000000000000000000000000000000000000000000001012202100000000            000000000000000                              000                           
0010001300131T 140000510000002827271 30597400000014912   72562021/05/04  030320220000000000338590010000512562021/05               0900000000000000000000000000000000000000000000000000000   000000000000000000000000000        170193059740     
0010001300132U 140000000000000000000000000000000000000000000000000000000000000000000000000000000000000000000000000000000000000000000000001012202100000000            000000000000000                              000                           
0010001300133T 140000510000002827271 30597400000014913   72562021/05/05  030420220000000000338590010000512562021/05               0900000000000000000000000000000000000000000000000000000   000000000000000000000000000        170193059740     
0010001300134U 140000000000000000000000000000000000000000000000000000000000000000000000000000000000000000000000000000000000000000000000001012202100000000            000000000000000                              000                           
0010001300135T 140000510000002827271 30597400000014914   72562021/05/06  030520220000000000338590010000512562021/05               0900000000000000000000000000000000000000000000000000000   000000000000000000000000000        170193059740     
0010001300136U 140000000000000000000000000000000000000000000000000000000000000000000000000000000000000000000000000000000000000000000000001012202100000000            000000000000000                              000                           
0010001300137T 140000510000002827271 30597400000014915   72562021/05/07  030620220000000000338590010000512562021/05               0900000000000000000000000000000000000000000000000000000   000000000000000000000000000        170193059740     
0010001300138U 140000000000000000000000000000000000000000000000000000000000000000000000000000000000000000000000000000000000000000000000001012202100000000            000000000000000                              000                           
0010001300139T 140000510000002827271 30597400000014916   72562021/05/08  030720220000000000338590010000512562021/05               0900000000000000000000000000000000000000000000000000000   000000000000000000000000000        170193059740     
0010001300140U 140000000000000000000000000000000000000000000000000000000000000000000000000000000000000000000000000000000000000000000000001012202100000000            000000000000000                              000                           
0010001300141T 140000510000002827271 30597400000014917   72562021/05/09  030820220000000000338590010000512562021/05               0900000000000000000000000000000000000000000000000000000   000000000000000000000000000        170193059740     
0010001300142U 140000000000000000000000000000000000000000000000000000000000000000000000000000000000000000000000000000000000000000000000001012202100000000            000000000000000                              000                           
0010001300143T 140000510000002827271 30597400000014918   72562021/05/10  030920220000000000338590010000512562021/05               0900000000000000000000000000000000000000000000000000000   000000000000000000000000000        170193059740     
0010001300144U 140000000000000000000000000000000000000000000000000000000000000000000000000000000000000000000000000000000000000000000000001012202100000000            000000000000000                              000                           
0010001300145T 140000510000002827271 30597400000014919   72562021/05/11  030920220000000000338590010000512562021/05               0900000000000000000000000000000000000000000000000000000   000000000000000000000000000        170193059740     
0010001300146U 140000000000000000000000000000000000000000000000000000000000000000000000000000000000000000000000000000000000000000000000001012202100000000            000000000000000                              000                           
0010001300147T 280000510000002827271 30597400000006813   70472020/12/13  05112021000000000040732001000000                         0900000000000000000000000000000000000000000000000000000   000000000000000000000015202        170193059740     
0010001300148U 280000000000000000000000000000000000000000000000000000000000000000000000000000000000000000000000000000000000000000000000001012202100000000            000000000000000                              000                           
0010001300149T 280000510000002827271 30597400000011647   75072018/12R/04 051120210000000000544030010000005072018/12R              0900000000000000000000000000000000000000000000000000000   000000000000000000000015202        170193059740     
0010001300150U 280000000000000000000000000000000000000000000000000000000000000000000000000000000000000000000000000000000000000000000000001012202100000000            000000000000000                              000                           
0010001300151T 280000510000002827271 30597400000011983   70022020R/03    05112021000000000008301001000000022020R                  0900000000000000000000000000000000000000000000000000000   000000000000000000000015202        170193059740     
0010001300152U 280000000000000000000000000000000000000000000000000000000000000000000000000000000000000000000000000000000000000000000000001012202100000000            000000000000000                              000                           
0010001300153T 280000510000002827271 30597400000012007   77852019/R/03   051120210000000000248220010000007852019/R                0900000000000000000000000000000000000000000000000000000   000000000000000000000015202        170193059740     
0010001300154U 280000000000000000000000000000000000000000000000000000000000000000000000000000000000000000000000000000000000000000000000001012202100000000            000000000000000                              000                           
0010001300155T 280000510000002827271 30597400000012023   70772020/R/03   051120210000000000165450010000000772020/R                0900000000000000000000000000000000000000000000000000000   000000000000000000000015202        170193059740     
0010001300156U 280000000000000000000000000000000000000000000000000000000000000000000000000000000000000000000000000000000000000000000000001012202100000000            000000000000000                              000                           
0010001300157T 280000510000002827271 30597400000012572   70472020REFIS/02061020210000000000138850010000000472020REFIS             0900000000000000000000000000000000000000000000000000000   000000000000000000000015202        170193059740     
0010001300158U 280000000000000000000000000000000000000000000000000000000000000000000000000000000000000000000000000000000000000000000000001012202100000000            000000000000000                              000                           
00100015         000160006118000000002871405900000000000000000000000000000000000000000000000000000000000000000000000000000000000000000000000000000                                                                                              
00199999         000001000162000000                                                                                                                                                            00000000000000000000000000000                    
