00100000         2215452380001720030597400014       0000510000002827271 FUNDO DE DESENVOLVIMENTO DE CABANCO DO BRASIL                         20712202101345900200003000000516456668PROCESSAMEN                                                 
00100011T0100020 20215452380001720030597400014       0000510000002827271 FUNDO DE DESENVOLVIMENTO DE CA                                                                                000000000712202100000000  000000000                      
0010001300001T 060000510000002827271 30597400000004538   70022019/05/20  021220210000000000103601040252400022019/05               0900000000000010100000000000000000000000000000000000000   000000000000000000000000004        170193059740     
0010001300002U 060000000000002220000000000000000000000000000000000000000000000000000000105820000000000105820000000000000000000000000000000712202108122021            000000000000000                              000                           
0010001300003T 060000510000002827271 30597400000005174   70252019/12 I/22061220210000000001533110330147100252019/12 I             0900000000000010100000000000000000000000000000000000000   000000000000000000000000004        170193059740     
0010001300004U 060000000000031170000000000000000000000000000000000000000000000000000001564280000000001564280000000000000000000000000000000712202108122021            000000000000000                              000                           
0010001300005T 060000510000002827271 30597400000007750   70792020/12/14  08122021000000000084647237000650                         0900000000000010100000000000000000000000000000000000000   000000000000000000000000004        170193059740     
0010001300006U 060000000000000000000000000000000000000000000000000000000000000000000000846470000000000846470000000000000000000000000000000712202108122021            000000000000000                              000                           
0010001300007T 060000510000002827271 30597400000008094   70932020/12/13  05122021000000000027020341004630                         0900000000000010100000000000000000000000000000000000000   000000000000000000000000004        170193059740     
0010001300008U 060000000000005580000000000000000000000000000000000000000000000000000000275780000000000275780000000000000000000000000000000712202108122021            000000000000000                              000                           
0010001300009T 060000510000002827271 30597400000010163   70432021/16/07  070120220000000000338596330000100432021/16               0900000000000010100000000000000000000000000000000000000   000000000000000000000000004        170193059740     
0010001300010U 060000000000000000000000000000000000000000000000000000000000000000000000338590000000000338590000000000000000000000000000000712202108122021            000000000000000                              000                           
0010001300011T 060000510000002827271 30597400000010435   70502021/12/06  101220210000000000338590010000510502021/12               0900000000000010060000000000000000000000000000000000000   000000000000000000000000033        170193059740     
0010001300012U 060000000000000000000000000000000000000000000000000000000000000000000000338590000000000338590000000000000000000000000000000712202108122021            000000000000000                              000                           
0010001300013T 060000510000002827271 30597400000010609   70642021/5/06   161220210000000000338591040412000642021/5                0900000000000010100000000000000000000000000000000000000   000000000000000000000000004        170193059740     
0010001300014U 060000000000000000000000000000000000000000000000000000000000000000000000338590000000000338590000000000000000000000000000000712202108122021            000000000000000                              000                           
0010001300015T 060000510000002827271 30597400000010910   70762021/12/05  071220210000000000225732370006500762021/12               0900000000000010100000000000000000000000000000000000000   000000000000000000000000004        170193059740     
0010001300016U 060000000000000000000000000000000000000000000000000000000000000000000000225730000000000225730000000000000000000000000000000712202108122021            000000000000000                              000                           
0010001300017T 060000510000002827271 30597400000010928   70652021/16/05  071220210000000000338592370006500652021/16               0900000000000010100000000000000000000000000000000000000   000000000000000000000000004        170193059740     
0010001300018U 060000000000000000000000000000000000000000000000000000000000000000000000338590000000000338590000000000000000000000000000000712202108122021            000000000000000                              000                           
0010001300019T 060000510000002827271 30597400000013027   71742021/16/03  151220210000000000338596330000101742021/16               0900000000000010100000000000000000000000000000000000000   000000000000000000000000004        170193059740     
0010001300020U 060000000000000000000000000000000000000000000000000000000000000000000000338590000000000338590000000000000000000000000000000712202108122021            000000000000000                              000                           
0010001300021T 060000510000002827271 30597400000014372   70482020REFIS/01261120210000000000287290770000100482020REFIS             0900000000000010100000000000000000000000000000000000000   000000000000000000000000004        170193059740     
0010001300022U 060000000000006730000000000000000000000000000000000000000000000000000000294020000000000294020000000000000000000000000000000712202108122021            000000000000000                              000                           
0010001300023T 140000510000002827271 30597400000014854   72582021/16/06  030420220000000000507880010000512582021/16               0900000000000000000000000000000000000000000000000000000   000000000000000000000000000        170193059740     
0010001300024U 140000000000000000000000000000000000000000000000000000000000000000000000000000000000000000000000000000000000000000000000000712202100000000            000000000000000                              000                           
0010001300025T 140000510000002827271 30597400000014855   72582021/16/07  030520220000000000507880010000512582021/16               0900000000000000000000000000000000000000000000000000000   000000000000000000000000000        170193059740     
0010001300026U 140000000000000000000000000000000000000000000000000000000000000000000000000000000000000000000000000000000000000000000000000712202100000000            000000000000000                              000                           
0010001300027T 140000510000002827271 30597400000014856   72582021/16/08  030620220000000000507880010000512582021/16               0900000000000000000000000000000000000000000000000000000   000000000000000000000000000        170193059740     
0010001300028U 140000000000000000000000000000000000000000000000000000000000000000000000000000000000000000000000000000000000000000000000000712202100000000            000000000000000                              000                           
0010001300029T 140000510000002827271 30597400000014857   72582021/16/09  030720220000000000507880010000512582021/16               0900000000000000000000000000000000000000000000000000000   000000000000000000000000000        170193059740     
0010001300030U 140000000000000000000000000000000000000000000000000000000000000000000000000000000000000000000000000000000000000000000000000712202100000000            000000000000000                              000                           
0010001300031T 140000510000002827271 30597400000014858   72582021/16/10  030820220000000000507880010000512582021/16               0900000000000000000000000000000000000000000000000000000   000000000000000000000000000        170193059740     
0010001300032U 140000000000000000000000000000000000000000000000000000000000000000000000000000000000000000000000000000000000000000000000000712202100000000            000000000000000                              000                           
0010001300033T 140000510000002827271 30597400000014859   72582021/16/11  030920220000000000507880010000512582021/16               0900000000000000000000000000000000000000000000000000000   000000000000000000000000000        170193059740     
0010001300034U 140000000000000000000000000000000000000000000000000000000000000000000000000000000000000000000000000000000000000000000000000712202100000000            000000000000000                              000                           
0010001300035T 140000510000002827271 30597400000014861   72582021/16/13  031020220000000000507880010000512582021/16               0900000000000000000000000000000000000000000000000000000   000000000000000000000000000        170193059740     
0010001300036U 140000000000000000000000000000000000000000000000000000000000000000000000000000000000000000000000000000000000000000000000000712202100000000            000000000000000                              000                           
0010001300037T 280000510000002827271 30597400000004507   70012019/05/19  021120210000000000103600010000000012019/05               0900000000000000000000000000000000000000000000000000000   000000000000000000000015202        170193059740     
0010001300038U 280000000000000000000000000000000000000000000000000000000000000000000000000000000000000000000000000000000000000000000000000712202100000000            000000000000000                              000                           
0010001300039T 280000510000002827271 30597400000010079   70252021/12/05  021120210000000000338590010000000252021/12               0900000000000000000000000000000000000000000000000000000   000000000000000000000015202        170193059740     
0010001300040U 280000000000000000000000000000000000000000000000000000000000000000000000000000000000000000000000000000000000000000000000000712202100000000            000000000000000                              000                           
00100015         000042006156000000002886410620000000000000000000000000000000000000000000000000000000000000000000000000000000000000000000000000000                                                                                              
00199999         000001000044000000                                                                                                                                                            00000000000000000000000000000                    
